@FOOTNOTE{Note1,key="Note1",note="To match the Bertsch-Pratt parameterisation ($R_{out}, R_{side}, R_{long}$) employed by experiments, with the Yano-Koonin-Podgoretskii (\protect \ensuremath  {R_{\perp }}, \protect \ensuremath  {R_{\delimiter "026B30D }}, $R_{0}$) parameterisation used in the coalescence model, we identify $\protect \ensuremath  {R_{\perp }}= R_{side}$, $\protect \ensuremath  {R_{\delimiter "026B30D }}= R_{long}$ and then take $R = (\protect \ensuremath  {R_{\perp }}^{2}\protect \ensuremath  {R_{\delimiter "026B30D }})^{1/3} \approx (R_{side}^{2}R_{long})^{1/3}$."}
@CONTROL{REVTEX41Control}
@CONTROL{apsrev41Control,author="08",editor="1",pages="0",title="",year="1"}
