@FOOTNOTE{Note1,key="Note1",note="The equations in~\cite {Wiedemann:1999qn} are denoted as (W...) in order to distinguish them from the equations presented in this paper."}
@CONTROL{REVTEX41Control}
@CONTROL{apsrev41Control,author="08",editor="1",pages="0",title="",year="1"}
