
@article{Garcilazo:1982yc,
      author         = "Garcilazo, H.",
      title          = "{PION DEUTERON BREAKUP IN THE REGION OF THE (3,3)
                        RESONANCE}",
      journal        = "Phys. Rev. Lett.",
      volume         = "48",
      year           = "1982",
      pages          = "577-580",
      doi            = "10.1103/PhysRevLett.48.577",
      SLACcitation   = "%%CITATION = PRLTA,48,577;%%"
}

@article{Bass:1998ca,
      author         = "Bass, S. A. and others",
      title          = "{Microscopic models for ultrarelativistic heavy ion collisions}",
      journal        = "Prog. Part. Nucl. Phys.",
      volume         = "41",
      year           = "1998",
      pages          = "255-369",
      doi            = "10.1016/S0146-6410(98)00058-1",
      note           = "[Prog. Part. Nucl. Phys.41,225(1998)]",
      eprint         = "nucl-th/9803035",
      archivePrefix  = "arXiv",
      primaryClass   = "nucl-th",
      SLACcitation   = "%%CITATION = NUCL-TH/9803035;%%"
}

@article{Schukraft:2017nbn,
      author         = "Schukraft, Jurgen",
      title          = "{QM2017: Status and Key open Questions in Ultra-Relativistic Heavy-Ion Physics}",
      booktitle      = "{Proceedings, 26th International Conference on
                        Ultra-relativistic Nucleus-Nucleus Collisions (Quark
                        Matter 2017): Chicago, Illinois, USA, February 5-11,
                        2017}",
      journal        = "Nucl. Phys.",
      volume         = "A967",
      year           = "2017",
      pages          = "1-10",
      doi            = "10.1016/j.nuclphysa.2017.05.036",
      eprint         = "1705.02646",
      archivePrefix  = "arXiv",
      primaryClass   = "hep-ex",
      SLACcitation   = "%%CITATION = ARXIV:1705.02646;%%"
}


@article{Acharya:2017dmc,
      author         = "Acharya, Shreyasi and others",
      title          = "{Measurement of deuteron spectra and elliptic flow in Pb-Pb collisions at $\sqrt{s_{\mathrm {NN}}}$ = 2.76 TeV at the LHC}",
      collaboration  = "ALICE",
      journal        = "Eur. Phys. J.",
      volume         = "C77",
      year           = "2017",
      number         = "10",
      pages          = "658",
      doi            = "10.1140/epjc/s10052-017-5222-x",
      eprint         = "1707.07304",
      archivePrefix  = "arXiv",
      primaryClass   = "nucl-ex",
      reportNumber   = "CERN-EP-2017-176",
      SLACcitation   = "%%CITATION = ARXIV:1707.07304;%%"
}

@article{Andronic:2010qu,
title = "Production of light nuclei, hypernuclei and their antiparticles in relativistic nuclear collisions",
journal = "Physics Letters B",
volume = "697",
number = "3",
pages = "203 - 207",
year = "2011",
issn = "0370-2693",
doi = "https://doi.org/10.1016/j.physletb.2011.01.053",
url = "http://www.sciencedirect.com/science/article/pii/S0370269311001006",
author = "A. Andronic and P. Braun-Munzinger and J. Stachel and H. St√∂cker",
keywords = "Relativistic nuclear collisions, Hypernuclei, Antinuclei, Thermal model"
}

@article{Andronic:2017,
      author         = "Andronic, Anton and Braun-Munzinger, Peter and Redlich,
                        Krzysztof and Stachel, Johanna",
      title          = "{Decoding the phase structure of QCD via particle
                        production at high energy}",
      year           = "2017",
      eprint         = "1710.09425",
      archivePrefix  = "arXiv",
      primaryClass   = "nucl-th",
      SLACcitation   = "%%CITATION = ARXIV:1710.09425;%%"
}

@article{Scheibl:1998tk,
      author         = "Scheibl, Rudiger and Heinz, Ulrich W.",
      title          = "{Coalescence and flow in ultrarelativistic heavy ion
                        collisions}",
      journal        = "Phys. Rev.",
      volume         = "C59",
      year           = "1999",
      pages          = "1585-1602",
      doi            = "10.1103/PhysRevC.59.1585",
      eprint         = "nucl-th/9809092",
      archivePrefix  = "arXiv",
      primaryClass   = "nucl-th",
      SLACcitation   = "%%CITATION = NUCL-TH/9809092;%%"
}

@article{Vovchenko:2016mwg,
      author         = "Vovchenko, Volodymyr and Stoecker, Horst",
      title          = "{Analysis of hadron yield data within hadron resonance
                        gas model with multi-component eigenvolume corrections}",
      booktitle      = "{Proceedings, 16th International Conference on
                        Strangeness in Quark Matter (SQM 2016): Berkeley,
                        California, United States}",
      journal        = "J. Phys. Conf. Ser.",
      volume         = "779",
      year           = "2017",
      number         = "1",
      pages          = "012078",
      doi            = "10.1088/1742-6596/779/1/012078",
      eprint         = "1610.02346",
      archivePrefix  = "arXiv",
      primaryClass   = "nucl-th",
      SLACcitation   = "%%CITATION = ARXIV:1610.02346;%%"
}

@article{Bazavov:2014pvz,
      author         = "Bazavov, A. and others",
      title          = "{Equation of state in ( 2+1 )-flavor QCD}",
      collaboration  = "HotQCD",
      journal        = "Phys. Rev.",
      volume         = "D90",
      year           = "2014",
      pages          = "094503",
      doi            = "10.1103/PhysRevD.90.094503",
      eprint         = "1407.6387",
      archivePrefix  = "arXiv",
      primaryClass   = "hep-lat",
      reportNumber   = "BNL-105928-2014-JA",
      SLACcitation   = "%%CITATION = ARXIV:1407.6387;%%"
}

@article{Alcaraz:2000ss,
      author         = "Alcaraz, J. and others",
      title          = "{Search for anti-helium in cosmic rays}",
      collaboration  = "AMS",
      journal        = "Phys. Lett.",
      volume         = "B461",
      year           = "1999",
      pages          = "387-396",
      doi            = "10.1016/S0370-2693(99)00874-6",
      eprint         = "hep-ex/0002048",
      archivePrefix  = "arXiv",
      primaryClass   = "hep-ex",
      SLACcitation   = "%%CITATION = HEP-EX/0002048;%%"
}

@article{Aramaki:2015laa,
      author         = "Aramaki, T. and Hailey, C. J. and Boggs, S. E. and von
                        Doetinchem, P. and Fuke, H. and Mognet, S. I. and Ong, R.
                        A. and Perez, K. and Zweerink, J.",
      title          = "{Antideuteron Sensitivity for the GAPS Experiment}",
      collaboration  = "GAPS",
      journal        = "Astropart. Phys.",
      volume         = "74",
      year           = "2016",
      pages          = "6-13",
      doi            = "10.1016/j.astropartphys.2015.09.001",
      eprint         = "1506.02513",
      archivePrefix  = "arXiv",
      primaryClass   = "astro-ph.HE",
      SLACcitation   = "%%CITATION = ARXIV:1506.02513;%%"
}

