@FOOTNOTE{Note1,key="Note1",note="To match the Bertsch-Pratt parameterisation ($R_{out}, R_{side}, R_{long}$) employed by experiments, with the Yano-Koonin-Podgoretskii (\protect \ensuremath  {R_{\perp }}, \protect \ensuremath  {R_{\delimiter "026B30D }}, $R_{0}$) parameterisation used in the coalescence model, we identify $\protect \ensuremath  {R_{\perp }}= R_{side}$, $\protect \ensuremath  {R_{\delimiter "026B30D }}= R_{long}$ and then take $R = (\protect \ensuremath  {R_{\perp }}^{2}\protect \ensuremath  {R_{\delimiter "026B30D }})^{1/3} \approx (R_{side}^{2}R_{long})^{1/3}$."}
@FOOTNOTE{Note2,key="Note2",note="For this comparison, the highest available $k_{\protect \mathrm  {T}}$ ($\approx $ 0.9 GeV/$c$) was chosen as it is closest in $m_{\protect \mathrm  {T}}$ to the lowest transverse momentum per nucleon ($p_{\protect \mathrm  {T}} \approx $ 0.8 GeV/$c$) accessible by ALICE for the measurement of nuclei production. Ideally, one would use the proton femtoscopic radii, but given the availability of these measurements in only some of the collision systems and centralities, we assume that $m_{\protect \mathrm  {T}}$-scaling holds."}
@CONTROL{REVTEX41Control}
@CONTROL{apsrev41Control,author="08",editor="1",pages="0",title="",year="1"}
