%%%%%%%%%%%%%%%%%%%%%%%%%%%%%%%%%%%
%%%%%%%%%%%%%%%%%%%%%%%%%%%%%%%%%%%
%%%%%%%%%%%%%%%%%%%%%%%%%%%%%%%%%%%
%%%%%%%%%%%%%%%%%%%%%%%%%%%%%%%%%%%
%%%%%%%%%%%%%%%%%%%%%%%%%%%%%%%%%%%
%%%%%%%%%%%%%%%%%%%%%%%%%%%%%%%%%%%
%%%%%%%%%%%%%%%%%%%%%%%%%%%%%%%%%%%

@string{epjc = "Eur. Phys. J. C"}
@string{jinst = "J. Instrum."}
@string{prd = "Phys. Rev. D"}
@string{prc = "Phys. Rev. C"}
@string{cpc = "Comput. Phys. Commun."}
@string{pr = "Phys. Rep."}


@TechReport{HMPIDTDR,
  author =   {ALICE Collaboration},
  title =    {ALICE TDR 1},
  institution =  {CERN},
  year =     {1998},
  OPTkey =   {},
  OPTtype =      {},
  number =   {LHCC 9819},
  OPTaddress =   {},
  OPTmonth =     {},
  OPTnote =      {},
  OPTannote =    {}
}

@article{Akindinov:2010zzb,
      author         = "Akindinov, A. and Alici, A. and Antonioli, P. and
                        Arcelli, S. and Basile, M. and others",
      title          = "{Results of the ALICE time-of-flight detector from the
                        2009 cosmic-ray data taking}",
      journal        = "Eur. Phys. J.",
      volume         = "C68",
      pages          = "601-607",
      doi            = "10.1140/epjc/s10052-010-1370-y",
      year           = "2010",
      SLACcitation   = "%%CITATION = EPHJA,C68,601;%%",
}

@article{Aamodt:2010aa,
      author         = "Aamodt, K and others",
      title          = "{Alignment of the ALICE Inner Tracking System with
                        cosmic-ray tracks}",
      collaboration  = "ALICE",
      journal        = "JINST",
      volume         = "5",
      pages          = "P03003",
      doi            = "10.1088/1748-0221/5/03/P03003",
      year           = "2010",
      eprint         = "1001.0502",
      archivePrefix  = "arXiv",
      primaryClass   = "physics.ins-det",
      SLACcitation   = "%%CITATION = ARXIV:1001.0502;%%",
}


@article{Arsene:2004fa,
      author         = "Arsene, I. and others",
      title          = "{Quark gluon plasma and color glass condensate at RHIC?
                        The Perspective from the BRAHMS experiment}",
      collaboration  = "BRAHMS",
      journal        = "Nucl. Phys.",
      volume         = "A757",
      pages          = "1-27",
      doi            = "10.1016/j.nuclphysa.2005.02.130",
      year           = "2005",
      eprint         = "nucl-ex/0410020",
      archivePrefix  = "arXiv",
      primaryClass   = "nucl-ex",
      SLACcitation   = "%%CITATION = NUCL-EX/0410020;%%",
}

@article{Adcox:2004mh,
      author         = "Adcox, K. and others",
      title          = "{Formation of dense partonic matter in relativistic
                        nucleus-nucleus collisions at RHIC: Experimental
                        evaluation by the PHENIX collaboration}",
      collaboration  = "PHENIX",
      journal        = "Nucl. Phys.",
      volume         = "A757",
      pages          = "184-283",
      doi            = "10.1016/j.nuclphysa.2005.03.086",
      year           = "2005",
      eprint         = "nucl-ex/0410003",
      archivePrefix  = "arXiv",
      primaryClass   = "nucl-ex",
      SLACcitation   = "%%CITATION = NUCL-EX/0410003;%%",
}

@article{Back:2004je,
      author         = "Back, B.B. and Baker, M.D. and Ballintijn, M. and Barton,
                        D.S. and Becker, B. and others",
      title          = "{The PHOBOS perspective on discoveries at RHIC}",
      journal        = "Nucl. Phys.",
      volume         = "A757",
      pages          = "28-101",
      doi            = "10.1016/j.nuclphysa.2005.03.084",
      year           = "2005",
      eprint         = "nucl-ex/0410022",
      archivePrefix  = "arXiv",
      primaryClass   = "nucl-ex",
      SLACcitation   = "%%CITATION = NUCL-EX/0410022;%%",
}

@article{Becattini:2012xb,
      author         = "Becattini, Francesco and Bleicher, Marcus and Kollegger,
                        Thorsten and Schuster, Tim and Steinheimer, Jan and
                        others",
      title          = "{Hadron Formation in Relativistic Nuclear Collisions and
                        the QCD Phase Diagram}",
      year           = "2012",
      eprint         = "1212.2431",
      archivePrefix  = "arXiv",
      primaryClass   = "nucl-th",
      SLACcitation   = "%%CITATION = ARXIV:1212.2431;%%",
}@article{BraunMunzinger:2003zz,
      author         = "Braun-Munzinger, P. and Stachel, J. and Wetterich,
                        Christof",
      title          = "{Chemical freezeout and the 
       phase transition
                        temperature}",
      journal        = "Phys. Lett.",
      volume         = "B596",
      pages          = "61-69",
      doi            = "10.1016/j.physletb.2004.05.081",
      year           = "2004",
      eprint         = "nucl-th/0311005",
      archivePrefix  = "arXiv",
      primaryClass   = "nucl-th",
      reportNumber   = "GSI-PREPRINT-2003-34",
      SLACcitation   = "%%CITATION = NUCL-TH/0311005;%%",
}
@article{Heinz:2006ur,
      author         = "Heinz, Ulrich and Kestin, Gregory",
      title          = "{Universal chemical freeze-out as a phase transition
                        signature}",
      journal        = "PoS",
      volume         = "CPOD2006",
      pages          = "038",
      year           = "2006",
      eprint         = "nucl-th/0612105",
      archivePrefix  = "arXiv",
      primaryClass   = "nucl-th",
      SLACcitation   = "%%CITATION = NUCL-TH/0612105;%%",
}



@InProceedings{MilanoQM12,
  author =   {Milano Leonardo and others},
  collaboration = {ALICE},
  title =    {Identified charged hadron production at the LHC with the ALICE experiment},
  OPTcrossref =  {},
  OPTkey =   {},
  booktitle = {{Quark Matter 2012 - XXIII international conference on Ultrarelativistic Nucleus-Nucleus collisions}},
  OPTpages =     {},
  year =     {2012},
  OPTeditor =    {},
  OPTvolume =    {},
  OPTnumber =    {},
  OPTseries =    {},
  OPTaddress =   {},
  OPTmonth =     {},
  OPTorganization = {},
  OPTpublisher = {},
  note =     {to be published},
  OPTannote =    {}
}

@article{Sollfrank:1990qz,
      author         = "Sollfrank, Josef and Koch, Peter and Heinz, Ulrich W.",
      title          = "{The Influence of resonance decays on the P(t) spectra
                        from heavy ion collisions}",
      journal        = "Phys. Lett.",
      volume         = "B252",
      pages          = "256-264",
      doi            = "10.1016/0370-2693(90)90870-C",
      year           = "1990",
      reportNumber   = "TPR-90-45",
      SLACcitation   = "%%CITATION = PHLTA,B252,256;%%",
}

@Article{PressRelease,
  author =   {CERN},
  title =    {New State of Matter created at CERN},
  journal =      {CERN press release},
  year =     {2000},
  url = {\texttt{http://press.web.cern.ch/press/pressreleases/releases2000/PR01.00EQuarkGluonMatter.html}},
  OPTkey =   {},
  OPTvolume =    {},
  OPTnumber =    {},
  OPTpages =     {},
  OPTmonth =     {},
  OPTnote =      {},
  OPTannote =    {},
}
@article{Heinz:2000bk,
      author         = "Heinz, Ulrich W. and Jacob, Maurice",
      title          = "{Evidence for a new state of matter: An Assessment of the
                        results from the CERN lead beam program}",
      year           = "2000",
      eprint         = "nucl-th/0002042",
      archivePrefix  = "arXiv",
      primaryClass   = "nucl-th",
      SLACcitation   = "%%CITATION = NUCL-TH/0002042;%%",
}

@article{Shuryak:2004cy,
      author         = "Shuryak, Edward V.",
      title          = "{What RHIC experiments and theory tell us about
                        properties of quark-gluon plasma?}",
      journal        = "Nucl. Phys.",
      volume         = "A750",
      pages          = "64-83",
      doi            = "10.1016/j.nuclphysa.2004.10.022",
      year           = "2005",
      eprint         = "hep-ph/0405066",
      archivePrefix  = "arXiv",
      primaryClass   = "hep-ph",
      SLACcitation   = "%%CITATION = HEP-PH/0405066;%%",
}

@article{Bozek:2012qs,
      author         = "Bozek, Piotr and Wyskiel-Piekarska, Iwona",
      title          = "{Particle spectra in Pb-Pb collisions at sgrt{S_NN} =
                        2.76 TeV}",
      year           = "2012",
      eprint         = "1203.6513",
      archivePrefix  = "arXiv",
      primaryClass   = "nucl-th",
      SLACcitation   = "%%CITATION = ARXIV:1203.6513;%%",
}

@article{Werner:2012xh,
author = {Werner, K and Karpenko, I and Bleicher, M and Pierog, T and Porteboeuf-Houssais, S},
title = {{Jets, bulk matter, and their interaction in heavy ion collisions at several TeV}},
journal = {Phys. Rev. C},
year = {2012},
volume = {85},
number = {6},
pages = {064907},
      eprint         = "1203.5704",
      archivePrefix  = "arXiv",
      primaryClass   = "nucl-th",
      SLACcitation   = "%%CITATION = ARXIV:1203.5704;%%",
}


@article{Battistoni:2007zzb,
      author         = "Battistoni, Giuseppe and Muraro, S. and Sala, Paola R.
                        and Cerutti, Fabio and Ferrari, A. and others",
      title          = "{The FLUKA code: Description and benchmarking}",
      journal        = "AIP Conf.Proc.",
      volume         = "896",
      pages          = "31-49",
      doi            = "10.1063/1.2720455",
      year           = "2007",
      reportNumber   = "SLAC-REPRINT-2007-184",
      SLACcitation   = "%%CITATION = APCPC,896,31;%%",
}



@article{Shuryak:1978ij,
      author         = "Shuryak, Edward V.",
      title          = "{Quark-Gluon Plasma and Hadronic Production of Leptons,
                        Photons and Psions}",
      journal        = "Phys. Lett.",
      volume         = "B78",
      pages          = "150",
      doi            = "10.1016/0370-2693(78)90370-2,
                        10.1016/0370-2693(78)90370-2",
      year           = "1978",
      reportNumber   = "IYF-78-24",
      SLACcitation   = "%%CITATION = PHLTA,B78,150;%%",
}

@Article{Kalweit:2011if,
    author    = "Kalweit, Alexander",
collaboration = "ALICE COLLABORATION",
    title     = "{Particle Identification in the ALICE Experiment}",
    journal   = "J. Phys.",
    volume    = "G38",
    year      = "2011",
    pages     = "124073",
    eprint    = "1107.1514",
    archivePrefix = "arXiv",
    primaryClass  =  "hep-ex",
    doi       = "10.1088/0954-3899/38/12/124073",
    SLACcitation  = "%%CITATION = 1107.1514;%%"
}


@article{Bazavov:2014pvz,
      author         = "Bazavov, A. and others",
      title          = "{Equation of state in ( 2+1 )-flavor QCD}",
      collaboration  = "HotQCD",
      journal        = "Phys. Rev.",
      volume         = "D90",
      year           = "2014",
      pages          = "094503",
      doi            = "10.1103/PhysRevD.90.094503",
      eprint         = "1407.6387",
      archivePrefix  = "arXiv",
      primaryClass   = "hep-lat",
      reportNumber   = "BNL-105928-2014-JA",
      SLACcitation   = "%%CITATION = ARXIV:1407.6387;%%"
}

@article{Lee:2002eq,
      author         = "Lee, T.S.H. and Redwine, R.P.",
      title          = "{Pion nucleus interactions}",
      journal        = "Ann. Rev.Nucl.Part.Sci.",
      volume         = "52",
      pages          = "23-63",
      doi            = "10.1146/annurev.nucl.52.050102.090713",
      year           = "2002",
      SLACcitation   = "%%CITATION = ARNUA,52,23;%%",
}
@article{Bleicher:1999xi,
      author         = "Bleicher, M. and Zabrodin, E. and Spieles, C. and Bass,
                        S.A. and Ernst, C. and others",
      title          = "{Relativistic hadron hadron collisions in the
                        ultrarelativistic quantum molecular dynamics model}",
      journal        = "J. Phys.",
      volume         = "G25",
      pages          = "1859-1896",
      doi            = "10.1088/0954-3899/25/9/308",
      year           = "1999",
      eprint         = "hep-ph/9909407",
      archivePrefix  = "arXiv",
      primaryClass   = "hep-ph",
      SLACcitation   = "%%CITATION = HEP-PH/9909407;%%",
}

@article{Friedman:1997eq,
      author         = "Friedman, E. and Gal, A. and Weiss, R. and Aclander, J.
                        and Alster, J. and others",
      title          = "{K+ nucleus reaction and total cross-sections: New
                        analysis of transmission experiments}",
      journal        = "Phys. Rev.",
      volume         = "C55",
      pages          = "1304-1311",
      doi            = "10.1103/PhysRevC.55.1304",
      year           = "1997",
      SLACcitation   = "%%CITATION = PHRVA,C55,1304;%%",
}

@article{Ashery:1981tq,
      author         = "Ashery, D. and Navon, I. and Azuelos, G. and Walter, H.K.
                        and Pfeiffer, H.J. and others",
      title          = "{TRUE ABSORPTION AND SCATTERING OF PIONS ON NUCLEI}",
      journal        = "Phys. Rev.",
      volume         = "C23",
      pages          = "2173-2185",
      doi            = "10.1103/PhysRevC.23.2173",
      year           = "1981",
      SLACcitation   = "%%CITATION = PHRVA,C23,2173;%%",
}

@article{Carlson199693,
     title = "Proton-Nucleus Total Reaction Cross Sections and Total Cross Sections Up to 1 GeV",
     journal = "Atomic Data and Nuclear Data Tables",
     volume = "63",
     number = "1",
     pages = "93 - 116",
     year = "1996",
     note = "",
     issn = "0092-640X",
     doi = "10.1006/adnd.1996.0010",
     OPTurl = "http://www.sciencedirect.com/science/article/pii/S0092640X96900108",
     author = "R.F. Carlson"
}
@article{Bendiscioli:1994uv,
      author         = "Bendiscioli, G. and Kharzeev, D.",
      title          = "{Anti-nucleon nucleon and anti-nucleon nucleus
                        interaction: A Review of experimental data}",
      journal        = "Riv.Nuovo Cim.",
      volume         = "17N6",
      pages          = "1-142",
      year           = "1994",
      SLACcitation   = "%%CITATION = RNCIB,17N6,1;%%",
}

@article{Greiner:2000tu,
      author         = "Greiner, Carsten and Leupold, Stefan",
      title          = "{Anti-hyperon production in relativistic heavy ion
                        collision}",
      journal        = "J. Phys.",
      volume         = "G27",
      pages          = "L95-L102",
      doi            = "10.1088/0954-3899/27/9/102",
      year           = "2001",
      eprint         = "nucl-th/0009036",
      archivePrefix  = "arXiv",
      primaryClass   = "nucl-th",
      SLACcitation   = "%%CITATION = NUCL-TH/0009036;%%",
}
@article{Rapp:2000gy,
      author         = "Rapp, Ralf and Shuryak, Edward V.",
      title          = "{Resolving the anti-baryon production puzzle in
                        high-energy heavy ion collisions}",
      journal        = "Phys. Rev. Lett.",
      volume         = "86",
      pages          = "2980-2983",
      doi            = "10.1103/PhysRevLett.86.2980",
      year           = "2001",
      eprint         = "hep-ph/0008326",
      archivePrefix  = "arXiv",
      primaryClass   = "hep-ph",
      SLACcitation   = "%%CITATION = HEP-PH/0008326;%%",
}


@article{Aamodt:2011mr,
      author         = "Aamodt, K. and others",
      title          = "{Two-pion Bose-Einstein correlations in central Pb-Pb
                        collisions at $\sqrt{s_{NN}}$ = 2.76 TeV}",
      collaboration  = "ALICE",
      journal        = "Phys. Lett.",
      volume         = "B696",
      pages          = "328-337",
      doi            = "10.1016/j.physletb.2010.12.053",
      year           = "2011",
      eprint         = "1012.4035",
      archivePrefix  = "arXiv",
      primaryClass   = "nucl-ex",
      reportNumber   = "CERN-PH-EP-ALICE-2010-006",
      SLACcitation   = "%%CITATION = ARXIV:1012.4035;%%",
}



@article{HbtForwardReference,
      author         = "Adam, Jaroslav and others",
      title          = "{Centrality dependence of pion freeze-out radii in Pb-Pb
                        collisions at $\sqrt{s_{NN}}$ = 2.76 TeV}",
      collaboration  = "ALICE",
      year           = "2015",
      eprint         = "1507.06842",
      archivePrefix  = "arXiv",
      primaryClass   = "nucl-ex",
      SLACcitation   = "%%CITATION = ARXIV:1507.06842;%%"
}





@article{Karpenko:2011qn,
      author         = "Karpenko, Yu.A. and Sinyukov, Yu.M.",
      title          = "{Femtoscopic scales in central A+A collisions at RHIC and
                        LHC energies in hydrokinetic model}",
      journal        = "J. Phys.",
      volume         = "G38",
      pages          = "124059",
      doi            = "10.1088/0954-3899/38/12/124059",
      year           = "2011",
      eprint         = "1107.3745",
      archivePrefix  = "arXiv",
      primaryClass   = "nucl-th",
      SLACcitation   = "%%CITATION = ARXIV:1107.3745;%%",
}

@article{Karpenko:2012yf,
      author         = "Karpenko, Yu.A. and Sinyukov, Yu.M. and Werner, K.",
      title          = "{Uniform description of bulk observables in hydrokinetic
                        model of A+A collisions at RHIC and LHC}",
      year           = "2012",
      eprint         = "1204.5351",
      archivePrefix  = "arXiv",
      primaryClass   = "nucl-th",
      SLACcitation   = "%%CITATION = ARXIV:1204.5351;%%",
}

@article{Bozek:2011ua,
      author         = "Bozek, Piotr",
      title          = "{Flow and interferometry in 3+1 dimensional viscous
                        hydrodynamics}",
      journal        = "Phys. Rev.",
      volume         = "C85",
      pages          = "034901",
      doi            = "10.1103/PhysRevC.85.034901",
      year           = "2012",
      eprint         = "1110.6742",
      archivePrefix  = "arXiv",
      primaryClass   = "nucl-th",
      SLACcitation   = "%%CITATION = ARXIV:1110.6742;%%",
}


@article{Krzewicki:2011ee,
      author         = "Krzewicki, Mikolaj",
      title          = "{Elliptic and triangular flow of identified particles at
                        ALICE}",
      collaboration  = "ALICE",
      journal        = "J. Phys.",
      volume         = "G38",
      pages          = "124047",
      doi            = "10.1088/0954-3899/38/12/124047",
      year           = "2011",
      eprint         = "1107.0080",
      archivePrefix  = "arXiv",
      primaryClass   = "nucl-ex",
      SLACcitation   = "%%CITATION = ARXIV:1107.0080;%%",
}

@article{Abelev:2013qoq,
      author         = "Abelev, Betty and others",
      title          = "{Centrality determination of Pb-Pb collisions at
                        $\sqrt{s_{NN}}$ = 2.76 TeV with ALICE}",
      collaboration  = "ALICE",
      journal        = "Phys. Rev.",
      volume         = "C88",
      pages          = "044909",
      doi            = "10.1103/PhysRevC.88.044909",
      year           = "2013",
      eprint         = "1301.4361",
      archivePrefix  = "arXiv",
      primaryClass   = "nucl-ex",
      reportNumber   = "CERN-PH-EP-2012-368",
      SLACcitation   = "%%CITATION = ARXIV:1301.4361;%%",
}

@article{Huovinen:2006jp,
      author         = "Huovinen, P. and Ruuskanen, P.V.",
      title          = "{Hydrodynamic Models for Heavy Ion Collisions}",
      journal        = "Ann. Rev.Nucl.Part.Sci.",
      volume         = "56",
      pages          = "163-206",
      doi            = "10.1146/annurev.nucl.54.070103.181236",
      year           = "2006",
      eprint         = "0605008",
      archivePrefix  = "arXiv",
      primaryClass   = "nucl-th",
      SLACcitation   = "%%CITATION = NUCL-TH/0605008;%%",
}

@article{Muller:2006ee,
      author         = "M{\"u}ller, Berndt and Nagle, James L.",
      title          = "{Results from the relativistic heavy ion collider}",
      journal        = "Ann. Rev.Nucl.Part.Sci.",
      volume         = "56",
      pages          = "93-135",
      doi            = "10.1146/annurev.nucl.56.080805.140556",
      year           = "2006",
      eprint         = "nucl-th/0602029",
      archivePrefix  = "arXiv",
      primaryClass   = "nucl-th",
      SLACcitation   = "%%CITATION = NUCL-TH/0602029;%%",
}

@article{Heinz:2004qz,
      author         = "Heinz, Ulrich W.",
      title          = "{Concepts of heavy ion physics}",
      pages          = "165-238",
      year           = "2004",
      eprint         = "0407360",
      archivePrefix  = "arXiv",
      primaryClass   = "hep-ph",
      reportNumber   = "CERN-2004-001-D",
      SLACcitation   = "%%CITATION = HEP-PH/0407360;%%",
}

@article{Cleymans:1998fq,
      author         = "Cleymans, J. and Redlich, K.",
      title          = "{Unified description of freezeout parameters in
                        relativistic heavy ion collisions}",
      journal        = "Phys. Rev. Lett.",
      volume         = "81",
      pages          = "5284-5286",
      doi            = "10.1103/PhysRevLett.81.5284",
      year           = "1998",
      eprint         = "9808030",
      archivePrefix  = "arXiv",
      primaryClass   = "nucl-th",
      SLACcitation   = "%%CITATION = NUCL-TH/9808030;%%",
}
@InBook{Becattini:2010lb,
  author =   {Becattini, Francesco and Fries, R.},
  editor =   {Stock, Reinhard},
  title =    {{Landolt-Boernstein, Relativistic Heavy Ion Physics}},
  chapter =      {The QCD confinement transition: Hadron formation},
  publisher =    {Springer},
  year =     {2010},
  eprint         = "0907.1031",
  archivePrefix  = "arXiv",
  primaryClass   = "nucl-th",
  SLACcitation   = "%%CITATION = ARXIV:0907.1031;%%",
}

@article{Becattini:2009fv,
      author         = "",
      title          = "{The QCD confinement transition: Hadron formation}",
      year           = "2009",
      eprint         = "0907.1031",
      archivePrefix  = "arXiv",
      primaryClass   = "nucl-th",
      SLACcitation   = "%%CITATION = ARXIV:0907.1031;%%",
}

@article{Andronic:2008gu,
      author         = "Andronic, A. and Braun-Munzinger, P. and Stachel, J.",
      title          = "{Thermal hadron production in relativistic nuclear
                        collisions: The Hadron mass spectrum, the horn, and the
                        QCD phase transition}",
      journal        = "Phys. Lett.",
      volume         = "B673",
      pages          = "142-145",
      doi            = "10.1016/j.physletb.2009.02.014,
                        10.1016/j.physletb.2009.06.021",
      year           = "2009",
      eprint         = "0812.1186",
      archivePrefix  = "arXiv",
      primaryClass   = "nucl-th",
      SLACcitation   = "%%CITATION = ARXIV:0812.1186;%%",
}


@article{Stachel:2013zma,
      author         = "Stachel, J. and Andronic, A. and Braun-Munzinger, P. and
                        Redlich, K.",
      title          = "{Confronting LHC data with the statistical hadronization
                        model}",
      journal        = "J. Phys. Conf. Ser.",
      volume         = "509",
      pages          = "012019",
      doi            = "10.1088/1742-6596/509/1/012019",
      year           = "2014",
      eprint         = "1311.4662",
      archivePrefix  = "arXiv",
      primaryClass   = "nucl-th",
      SLACcitation   = "%%CITATION = ARXIV:1311.4662;%%",
}



@article{hijing,
      author         = "Wang, Xin-Nian and Gyulassy, Miklos",
      title          = "{HIJING: A Monte Carlo model for multiple jet production
                        in pp, pA and AA collisions}",
      journal        = "Phys. Rev.",
      volume         = "D44",
      pages          = "3501-3516",
      doi            = "10.1103/PhysRevD.44.3501",
      year           = "1991",
      reportNumber   = "LBL-31036",
      SLACcitation   = "%%CITATION = PHRVA,D44,3501;%%",
}

@Article{Geant:1994zzo,
     author    = "Brun, Rene and Carminati, Federico and Giani, Simone",
     title     = "{GEANT Detector Description and Simulation Tool}",
     year     = "1994",
     reportNumber   = "CERN-W5013, CERN-W-5013",
     SLACcitation   = "%%CITATION = CERN-W5013 ETC.;%%",
}

@article{Aamodt:2010cz,
      author         = "Aamodt, K. and others",
      title          = "{Centrality dependence of the charged-particle
                        multiplicity density at mid-rapidity in Pb-Pb collisions
                        at sqrt(sNN) = 2.76 TeV}",
      collaboration  = "ALICE",
      journal        = "Phys. Rev. Lett.",
      volume         = "106",
      pages          = "032301",
      doi            = "10.1103/PhysRevLett.106.032301",
      year           = "2011",
      eprint         = "1012.1657",
      archivePrefix  = "arXiv",
      primaryClass   = "nucl-ex",
      reportNumber   = "CERN-PH-EP-2010-071",
      SLACcitation   = "%%CITATION = ARXIV:1012.1657;%%",
}

@article{Aamodt:2010pb,
      author         = "Aamodt, K and others",
      title          = "{Charged-particle multiplicity density at mid-rapidity in
                        central Pb-Pb collisions at $\sqrt{s_{NN}} = 2.76$ TeV}",
      collaboration  = "ALICE",
      journal        = "Phys. Rev. Lett.",
      volume         = "105",
      pages          = "252301",
      doi            = "10.1103/PhysRevLett.105.252301",
      year           = "2010",
      eprint         = "1011.3916",
      archivePrefix  = "arXiv",
      primaryClass   = "nucl-ex",
      SLACcitation   = "%%CITATION = ARXIV:1011.3916;%%",
}

@article{Ratti:2011au,
      author         = "Ratti, Claudia and Bellwied, Rene and Cristoforetti,
                        Marco and Barbaro, Maria",
      title          = "{Are there hadronic bound states above the QCD transition
                        temperature?}",
      journal        = "Phys. Rev.",
      volume         = "D85",
      pages          = "014004",
      doi            = "10.1103/PhysRevD.85.014004",
      year           = "2012",
      eprint         = "1109.6243",
      archivePrefix  = "arXiv",
      primaryClass   = "hep-ph",
      SLACcitation   = "%%CITATION = ARXIV:1109.6243;%%",
}


@InProceedings{Jouri-QM,
  author =   {J. Belikov},
  collaboration  = {ALICE},
  title =    {$\mathrm{K}_0^{S}$ and $\Lambda$ production in Pbâ€“Pb collisions with the ALICE experiment},
  booktitle = {These proceedings},
  year =     2011
}

@InProceedings{David-QM,
  author =   {D. D. Chinellato},
  collaboration  = {ALICE},
  title =    {Multi-Strange particle measurements in 7 TeV proton-proton Collisions and 2.76 TeV Pb-Pb collisions with the ALICE experiment at the LHC},
  booktitle = {These proceedings},
  year =     2011
}

@InProceedings{Marek-QM,
  author =   {M. Chojnacki},
  collaboration  = {ALICE},
  title =    {Measurement of $\pi$/K/p spectra with ALICE in proton-proton collisions at $\sqrt{s} = 900$ GeV and $\sqrt{s} = 7$ TeV},
  booktitle = {These proceedings},
  year =     2011
}

@article{Becattini:2012sq,
      author         = "Becattini, Francesco and Bleicher, Marcus and Kollegger,
                        Thorsten and Mitrovski, Michael and Schuster, Tim and
                        others",
      title          = "{Hadronization and Hadronic Freeze-Out in Relativistic
                        Nuclear Collisions}",
      journal        = "Phys. Rev.",
      volume         = "C85",
      pages          = "044921",
      doi            = "10.1103/PhysRevC.85.044921",
      year           = "2012",
      eprint         = "1201.6349",
      archivePrefix  = "arXiv",
      primaryClass   = "nucl-th",
      SLACcitation   = "%%CITATION = ARXIV:1201.6349;%%",
}

@article{Becattini:2011ja,
      author         = "Becattini, F. and Bleicher, M. and Kollegger, T. and
                        Mitrovski, M. and Schuster, T. and others",
      title          = "{Validity of the Hadronic Freeze-Out Curve}",
      journal        = "J. Phys.",
      volume         = "G38",
      pages          = "124075",
      doi            = "10.1088/0954-3899/38/12/124075",
      year           = "2011",
      eprint         = "1107.1574",
      archivePrefix  = "arXiv",
      primaryClass   = "hep-ph",
      SLACcitation   = "%%CITATION = ARXIV:1107.1574;%%",
}

@InProceedings{Alberto-QM,
  author =   {A. Pulvirenti},
  collaboration  = {ALICE},
  title =    {Resonance measurement in pp and PbPb collisions at LHC with the ALICE detector},
  booktitle = {These proceedings},
  year =     2011
}

@InProceedings{Alessandro-QM,
  author =   {De Falco, Alessandro},
  collaboration  = {ALICE},
  title =    {Vector meson production in pp collisions at $\sqrt{s}=7$~TeV, measured with the ALICE detector},
  booktitle = {These proceedings},
  year =     2011
}

@InProceedings{Martin-QM,
  author =   {M. Poghoshyan},
  collaboration  = {ALICE},
  title =    {Diffraction dissociation of protons in proton-proton collisions at $\sqrt{s} =$~0.9 TeV, 2.76 TeV and 7 TeV with ALICE at the LHC},
  booktitle = {These proceedings},
  year =     2011
}


@InProceedings{Alberica-QM,
  author =   {A. Toia},
  collaboration  = {ALICE},
  title =    {Bulk properties of Pb-Pb collisions at the LHC measured by ALICE},
  booktitle = {These proceedings},
  year =     2011
}

@InProceedings{Raymond-QM,
  author =   {R. Snellings},
  collaboration  = {ALICE},
  title =    {Anisotropic flow from ALICE},
  booktitle = {These proceedings},
  year =     2011
}

@article{Barrette:1994tw,
      author         = "Barrette, J. and others",
      title          = "{Production of light nuclei in relativistic heavy ion
                        collisions}",
      collaboration  = "E814",
      journal        = "Phys. Rev.",
      volume         = "C50",
      pages          = "1077-1084",
      doi            = "10.1103/PhysRevC.50.1077",
      year           = "1994",
      SLACcitation   = "%%CITATION = PHRVA,C50,1077;%%",
}

@article{BraunMunzinger:1994iq,
      author         = "Braun-Munzinger, P. and Stachel, J.",
      title          = "{Production of strange clusters and strange matter in
                        nucleus-nucleus collisions at the AGS}",
      journal        = "J. Phys.",
      volume         = "G21",
      pages          = "L17-L20",
      doi            = "10.1088/0954-3899/21/3/002",
      year           = "1995",
      eprint         = "nucl-th/9412035",
      archivePrefix  = "arXiv",
      primaryClass   = "nucl-th",
      reportNumber   = "SUNY-RHI-94-14",
      SLACcitation   = "%%CITATION = NUCL-TH/9412035;%%",
}


@article{Bearden:2001qq,
      author         = "Bearden, I.G. and others",
      title          = "{Pseudorapidity distributions of charged particles from
                        Au+Au collisions at the maximum RHIC energy}",
      collaboration  = "BRAHMS",
      journal        = "Phys. Rev. Lett.",
      volume         = "88",
      pages          = "202301",
      doi            = "10.1103/PhysRevLett.88.202301",
      year           = "2002",
      eprint         = "nucl-ex/0112001",
      archivePrefix  = "arXiv",
      primaryClass   = "nucl-ex",
      SLACcitation   = "%%CITATION = NUCL-EX/0112001;%%",
}
@article{Adler:2004zn,
      author         = "Adler, S.S. and others",
      title          = "{Systematic studies of the centrality and $\sqrt{s_{NN}}$
                        dependence of the d E(T) / d eta and d (N(ch) / d eta in
                        heavy ion collisions at mid-rapidity}",
      collaboration  = "PHENIX",
      journal        = "Phys. Rev.",
      volume         = "C71",
      pages          = "034908",
      doi            = "10.1103/PhysRevC.71.049901, 10.1103/PhysRevC.71.034908",
      year           = "2005",
      eprint         = "nucl-ex/0409015",
      archivePrefix  = "arXiv",
      primaryClass   = "nucl-ex",
      SLACcitation   = "%%CITATION = NUCL-EX/0409015;%%",
}

@Article{FriesPrivateComm,
  author =   {Fries, R.J.},
  title =    {Private Communication},
  journal =      {Private Communication},
  year =     {2012},
  OPTkey =   {},
  OPTvolume =    {},
  OPTnumber =    {},
  OPTpages =     {},
  OPTmonth =     {},
  OPTnote =      {},
  OPTannote =    {}
}

@article{Rafelski:2010cw,
      author         = "Rafelski, Johann and Letessier, Jean",
      title          = "{Particle Production in s_NN = 2.76 TeV Heavy Ion
                        Collisions}",
      journal        = "Phys. Rev.",
      volume         = "C83",
      pages          = "054909",
      doi            = "10.1103/PhysRevC.83.054909",
      year           = "2011",
      eprint         = "1012.1649",
      archivePrefix  = "arXiv",
      primaryClass   = "hep-ph",
      SLACcitation   = "%%CITATION = ARXIV:1012.1649;%%",
}
@article{Andronic:2011yq,
      author         = "Andronic, A. and Braun-Munzinger, P. and Redlich, K. and
                        Stachel, J.",
      title          = "{The thermal model on the verge of the ultimate test:
                        particle production in Pb-Pb collisions at the LHC}",
      journal        = "J. Phys.",
      volume         = "G38",
      pages          = "124081",
      doi            = "10.1088/0954-3899/38/12/124081",
      year           = "2011",
      eprint         = "1106.6321",
      archivePrefix  = "arXiv",
      primaryClass   = "nucl-th",
      SLACcitation   = "%%CITATION = ARXIV:1106.6321;%%",
}

@article{Aamodt:2008zz,
      author         = "Aamodt, K. and others",
      title          = "{The ALICE experiment at the CERN LHC}",
      collaboration  = "ALICE",
      journal        = "JINST",
      volume         = "3",
      pages          = "S08002",
      doi            = "10.1088/1748-0221/3/08/S08002",
      year           = "2008",
}

@article{Alessandro:2006yt,
      author         = "Alessandro, B  and others",
      title          = "{ALICE: Physics performance report, volume II}",
      collaboration  = "ALICE",
      journal        = "J. Phys.",
      volume         = "G32",
      pages          = "1295-2040",
      doi            = "10.1088/0954-3899/32/10/001",
      year           = "2006",
}

@article{Khachatryan:2011tm,
      author         = "Khachatryan, Vardan and others",
      title          = "{Strange Particle Production in pp Collisions at sqrt(s)
                        = 0.9 and 7 TeV}",
      collaboration  = "CMS",
      journal        = "JHEP",
      volume         = "1105",
      pages          = "064",
      doi            = "10.1007/JHEP05(2011)064",
      year           = "2011",
      eprint         = "1102.4282",
      archivePrefix  = "arXiv",
      primaryClass   = "hep-ex",
}


@article{Tsallis:1987eu,
      author         = "Tsallis, Constantino",
      title          = "{Possible Generalization of Boltzmann-Gibbs Statistics}",
      journal        = "J. Statist. Phys.",
      volume         = "52",
      pages          = "479-487",
      doi            = "10.1007/BF01016429",
      year           = "1988",
      reportNumber   = "CBPF-NF-062-87",
      SLACcitation   = "%%CITATION = JSTPB,52,479;%%"
}


@article{Oeschler:2011ny,
      author         = "Oeschler, Helmut",
      title          = "{Strange Particle Production in pp Collisions at sqrt(s)
                        = 0.9 and 7 TeV measured with the ALICE Experiment}",
      collaboration  = "ALICE",
      year           = "2011",
      eprint         = "1102.2745",
      archivePrefix  = "arXiv",
      primaryClass   = "hep-ex",
}


@article{Wheaton:2004qb,
      author         = "Wheaton, S. and Cleymans, J.",
      title          = "{THERMUS: A Thermal model package for ROOT}",
      journal        = "Comput. Phys. Commun.",
      volume         = "180",
      pages          = "84-106",
      doi            = "10.1016/j.cpc.2008.08.001",
      year           = "2009",
      eprint         = "0407174",
      archivePrefix  = "arXiv",
      primaryClass   = "hep-ph",
}
@article{Becattini:2009ee,
      author         = "Becattini, F. and Castorina, P. and Milov, A. and Satz,
                        H.",
      title          = "{Predictions of hadron abundances in pp collisions at the
                        LHC}",
      journal        = "J. Phys.",
      volume         = "G38",
      pages          = "025002",
      doi            = "10.1088/0954-3899/38/2/025002",
      year           = "2011",
      eprint         = "0912.2855",
      archivePrefix  = "arXiv",
      primaryClass   = "hep-ph",
}
@article{Kraus:2008fh,
      author         = "Kraus, I. and Cleymans, J. and Oeschler, H. and Redlich,
                        K.",
      title          = "{Particle production in p-p collisions and prediction for
                        LHC energy}",
      journal        = "Phys. Rev.",
      volume         = "C79",
      pages          = "014901",
      doi            = "10.1103/PhysRevC.79.014901",
      year           = "2009",
      eprint         = "0808.0611",
      archivePrefix  = "arXiv",
      primaryClass   = "hep-ph",
}
@article{Lamont:2007ce,
      author         = "Lamont, M.A.C.",
      title          = "{Investigation of the high-p(T) strange baryon anomalies
                        at RHIC}",
      journal        = "Eur. Phys. J.",
      volume         = "C49",
      pages          = "35-39",
      doi            = "10.1140/epjc/s10052-006-0090-9",
      year           = "2007",
}
@article{Greco:2003xt,
      author         = "Greco, V. and Ko, C.M. and Levai, P.",
      title          = "{Parton coalescence and anti-proton / pion anomaly at
                        RHIC}",
      journal        = "Phys. Rev. Lett.",
      volume         = "90",
      pages          = "202302",
      doi            = "10.1103/PhysRevLett.90.202302",
      year           = "2003",
      eprint         = "0301093",
      archivePrefix  = "arXiv",
      primaryClass   = "nucl-th",
}
@article{Fries:2003vb,
      author         = "Fries, R.J. and Muller, Berndt and Nonaka, C. and Bass,
                        S.A.",
      title          = "{Hadronization in heavy ion collisions: Recombination and
                        fragmentation of partons}",
      journal        = "Phys. Rev. Lett.",
      volume         = "90",
      pages          = "202303",
      doi            = "10.1103/PhysRevLett.90.202303",
      year           = "2003",
      eprint         = "0301087",
      archivePrefix  = "arXiv",
      primaryClass   = "nucl-th",
}
@article{Fries:2003fr,
      author         = "Fries, R.J. and Muller, Berndt",
      title          = "{Heavy ions at LHC: Theoretical issues}",
      journal        = "Eur. Phys. J.",
      volume         = "C34",
      pages          = "S279-S285",
      doi            = "10.1140/epjcd/s2004-04-026-6",
      year           = "2004",
      eprint         = "0307043",
      archivePrefix  = "arXiv",
      primaryClass   = "nucl-th",
}
@article{Schnedermann:1993ws,
      author         = "Schnedermann, Ekkard and Sollfrank, Josef and Heinz,
                        Ulrich W.",
      title          = "{Thermal phenomenology of hadrons from 200-A/GeV S+S
                        collisions}",
      journal        = "Phys. Rev.",
      volume         = "C48",
      pages          = "2462-2475",
      doi            = "10.1103/PhysRevC.48.2462",
      year           = "1993",
      eprint         = "9307020",
      archivePrefix  = "arXiv",
      primaryClass   = "nucl-th",
}

@article{Abelev:2006jr,
      author         = "Abelev, B.I. and others",
      title          = "{Identified baryon and meson distributions at large
                        transverse momenta from Au+Au collisions at $\sqrt{s_{NN}}$ =
                        200-GeV}",
      collaboration  = "STAR",
      journal        = "Phys. Rev. Lett.",
      volume         = "97",
      pages          = "152301",
      doi            = "10.1103/PhysRevLett.97.152301",
      year           = "2006",
      eprint         = "nucl-ex/0606003",
      archivePrefix  = "arXiv",
      primaryClass   = "nucl-ex",
      SLACcitation   = "%%CITATION = NUCL-EX/0606003;%%",
}

@article{Abelev:2008ez,
      author         = "Abelev, B.I. and others",
      title          = "{Systematic Measurements of Identified Particle Spectra
                        in $pp$, d+Au and Au+Au Collisions from STAR}",
      collaboration  = "STAR",
      journal        = "Phys. Rev.",
      volume         = "C79",
      pages          = "034909",
      doi            = "10.1103/PhysRevC.79.034909",
      year           = "2009",
      eprint         = "0808.2041",
      archivePrefix  = "arXiv",
      primaryClass   = "nucl-ex",
}

@article{Shen:2011eg,
      author         = "Shen, Chun and Heinz, Ulrich W. and Huovinen, Pasi and
                        Song, Huichao",
      title          = "{Radial and elliptic flow in Pb+Pb collisions at the
                        Large Hadron Collider from viscous hydrodynamic}",
      year           = "2011",
      eprint         = "1105.3226",
      archivePrefix  = "arXiv",
      primaryClass   = "nucl-th",
}
@article{Song:2010aq,
      author         = "Song, Huichao and Bass, Steffen A. and Heinz, Ulrich",
      title          = "{Viscous QCD matter in a hybrid hydrodynamic+Boltzmann
                        approach}",
      journal        = "Phys. Rev.",
      volume         = "C83",
      pages          = "024912",
      doi            = "10.1103/PhysRevC.83.024912",
      year           = "2011",
      eprint         = "1012.0555",
      archivePrefix  = "arXiv",
      primaryClass   = "nucl-th",
}

@article{Cleymans:2006xj,
      author         = "Cleymans, J. and Kraus, I. and Oeschler, H. and Redlich,
                        K. and Wheaton, S.",
      title          = "{Statistical model predictions for particle ratios at
                        $\sqrt{s_{NN}}$ = 5.5-TeV}",
      journal        = "Phys. Rev.",
      volume         = "C74",
      pages          = "034903",
      doi            = "10.1103/PhysRevC.74.034903",
      year           = "2006",
      eprint         = "0604237",
      archivePrefix  = "arXiv",
      primaryClass   = "hep-ph",
}

@article{Adams:2005dq,
      author         = "Adams, John and others",
      title          = "{Experimental and theoretical challenges in the search
                        for the quark gluon plasma: The STAR Collaboration's
                        critical assessment of the evidence from RHIC collisions}",
      collaboration  = "STAR",
      journal        = "Nucl. Phys.",
      volume         = "A757",
      pages          = "102-183",
      doi            = "10.1016/j.nuclphysa.2005.03.085",
      year           = "2005",
      eprint         = "0501009",
      archivePrefix  = "arXiv",
      primaryClass   = "nucl-ex",
}

@article{Skands:2010ak,
      author         = "Skands, Peter Zeiler",
      title          = "{Tuning Monte Carlo Generators: The Perugia Tunes}",
      journal        = "Phys. Rev.",
      volume         = "D82",
      pages          = "074018",
      doi            = "10.1103/PhysRevD.82.074018",
      year           = "2010",
      eprint         = "1005.3457",
      archivePrefix  = "arXiv",
      primaryClass   = "hep-ph",
}
@article{Field:2010bc,
      author         = "Field, Rick",
      title          = "{Early LHC Underlying Event Data - Findings and
                        Surprises}",
      year           = "2010",
      eprint         = "1010.3558",
      archivePrefix  = "arXiv",
      primaryClass   = "hep-ph",
      OPTnote           = "{\it The PYTHIA6 Z2 tune is identical to the Z1 tune described in this reference except that Z2 uses the CTEQ6L PDF while Z1 uses CTEQ5L.}",
}

@article{Aamodt:2011zj,
      author         = "Aamodt, K. and others",
      title          = "{Production of pions, kaons and protons in pp collisions
                        at $\sqrt{s}$~=~900~GeV with ALICE at the LHC}",
      collaboration  = "ALICE",
      year           = "2011",
      journal = {Eur. Phys. J.},
      pages = {1-22},
      volume = {C71},
      eprint         = "1101.4110",
      archivePrefix  = "arXiv",
      primaryClass   = "hep-ex",
}
@article{Aamodt:2011zz,
      author         = "Aamodt, K. and others",
      title          = "{Strange particle production in proton-proton collisions
                        at sqrt(s) = 0.9 TeV with ALICE at the LHC}",
      collaboration  = "ALICE",
      journal        = "Eur. Phys. J.",
      volume         = "C71",
      pages          = "1594",
      doi            = "10.1140/epjc/s10052-011-1594-5",
      year           = "2011",
      eprint         = "1012.3257",
      archivePrefix  = "arXiv",
      primaryClass   = "hep-ex",
}

@article{Becattini:2010sk,
      author         = "Becattini, F. and Castorina, P. and Milov, A. and Satz,
                        H.",
      title          = "{A Comparative analysis of statistical hadron
                        production}",
      journal        = "Eur. Phys. J.",
      volume         = "C66",
      pages          = "377-386",
      doi            = "10.1140/epjc/s10052-010-1265-y",
      year           = "2010",
      eprint         = "0911.3026",
      archivePrefix  = "arXiv",
      primaryClass   = "hep-ph",
}
@article{Bozek:2011gq,
      author         = "Bozek, Piotr",
      title          = "{Hydrodynamic flow from RHIC to LHC}",
      year           = "2011",
      eprint         = "1111.4398",
      archivePrefix  = "arXiv",
      primaryClass   = "nucl-th",
      SLACcitation   = "%%CITATION = ARXIV:1111.4398;%%",
}

@article{Abelev:2012wca,
      author         = "Abelev, Betty and others",
      title          = "{Pion, Kaon, and Proton Production in Central Pb--Pb
                        Collisions at $\sqrt{s_{NN}} = 2.76$ TeV}",
      collaboration  = "ALICE",
      journal        = "Phys. Rev. Lett.",
      volume         = "109",
      pages          = "252301",
      doi            = "10.1103/PhysRevLett.109.252301",
      year           = "2012",
      eprint         = "1208.1974",
      archivePrefix  = "arXiv",
      primaryClass   = "hep-ex",
      reportNumber   = "CERN-PH-EP-2012-230",
      SLACcitation   = "%%CITATION = ARXIV:1208.1974;%%",
}

@article{Abelev:2013vea,
      author         = "Abelev, Betty and others",
      title          = "{Centrality dependence of $\pi$, K, p production in Pb-Pb
                        collisions at $\sqrt{s_{NN}}$ = 2.76 TeV}",
      collaboration  = "ALICE",
      journal        = "Phys. Rev.",
      volume         = "C88",
      pages          = "044910",
      doi            = "10.1103/PhysRevC.88.044910",
      year           = "2013",
      eprint         = "1303.0737",
      archivePrefix  = "arXiv",
      primaryClass   = "hep-ex",
      reportNumber   = "CERN-PH-EP-2013-019",
      SLACcitation   = "%%CITATION = ARXIV:1303.0737;%%",
}

@article{ABELEV:2013zaa,
      author         = "Abelev, Betty Bezverkhny and others",
      title          = "{Multi-strange baryon production at mid-rapidity in Pb-Pb
                        collisions at $\sqrt{s_{NN}}$ = 2.76 TeV}",
      collaboration  = "ALICE",
      journal        = "Phys. Lett.",
      volume         = "B728",
      pages          = "216-227",
      doi            = "10.1016/j.physletb.2013.11.048",
      year           = "2014",
      eprint         = "1307.5543",
      archivePrefix  = "arXiv",
      primaryClass   = "nucl-ex",
      reportNumber   = "CERN-PH-EP-2013-134",
      SLACcitation   = "%%CITATION = ARXIV:1307.5543;%%",
}



@article{pp_paper,
      author         = "Abelev, Betty and others",
      title          = "{pp paper $\sqrt{s} = 7$ TeV}",
      collaboration  = "ALICE",
      journal        = "mm",
      volume         = "00",
      pages          = "000",
      year           = "2014",
      eprint         = "00",
      archivePrefix  = "arXiv",
      primaryClass   = "hep-ex",
      reportNumber   = "CERN-PH-EP-2014-xxx",
      SLACcitation   = "%%CITATION = ARXIV:%%",
}


@article{Aggarwal:2010ig,
      author         = "Aggarwal, M.M. and others",
      title          = "{Strange and Multi-strange Particle Production in Au+Au
                        Collisions at $\sqrt{s_{NN}}$ = 62.4 GeV}",
      collaboration  = "The STAR",
      journal        = "Phys. Rev.",
      volume         = "C83",
      pages          = "024901",
      doi            = "10.1103/PhysRevC.83.024901",
      year           = "2011",
      eprint         = "1010.0142",
      archivePrefix  = "arXiv",
      primaryClass   = "nucl-ex",
      SLACcitation   = "%%CITATION = ARXIV:1010.0142;%%",
}
@article{Karsch:2001vs,
      author         = "Karsch, Frithjof",
      title          = "{Lattice results on QCD thermodynamics}",
      journal        = "Nucl. Phys.",
      volume         = "A698",
      pages          = "199-208",
      doi            = "10.1016/S0375-9474(01)01365-3",
      year           = "2002",
      eprint         = "hep-ph/0103314",
      archivePrefix  = "arXiv",
      primaryClass   = "hep-ph",
      reportNumber   = "BI-TP-2001-06",
      SLACcitation   = "%%CITATION = HEP-PH/0103314;%%",
}

@article{McLerran:1980pk,
      author         = "McLerran, Larry D. and Svetitsky, Benjamin",
      title          = "{A Monte Carlo Study of SU(2) Yang-Mills Theory at Finite
                        Temperature}",
      journal        = "Phys. Lett.",
      volume         = "B98",
      pages          = "195",
      doi            = "10.1016/0370-2693(81)90986-2",
      year           = "1981",
      reportNumber   = "SLAC-PUB-2572",
      SLACcitation   = "%%CITATION = PHLTA,B98,195;%%",
}
@article{Steinheimer:2012tb,
      author         = "Steinheimer, J. and Gudima, K. and Botvina, A. and
                        Mishustin, I. and Bleicher, M. and others",
      title          = "{Hypernuclei, dibaryon and antinuclei production in high
                        energy heavy ion collisions: Thermal production versus
                        Coalescence}",
      journal        = "Phys. Lett.",
      volume         = "B714",
      pages          = "85-91",
      doi            = "10.1016/j.physletb.2012.06.069",
      year           = "2012",
      eprint         = "1203.2547",
      archivePrefix  = "arXiv",
      primaryClass   = "nucl-th",
      SLACcitation   = "%%CITATION = ARXIV:1203.2547;%%",
}

@article{Steinheimer:2012rd,
      author         = "Steinheimer, Jan and Aichelin, Jorg and Bleicher, Marcus",
      title          = "{Non-thermal $p/\pi$ ratio at LHC as a consequence of
                        hadronic final state interactions}",
      year           = "2012",
      note           = "4 pages, 2 figures",
      eprint         = "1203.5302",
      archivePrefix  = "arXiv",
      primaryClass   = "nucl-th",
      SLACcitation   = "%%CITATION = ARXIV:1203.5302;%%",
}



@article{Bellwied:2012kh,
      author         = "Bellwied, Rene",
      title          = "{Hadron formation in the deconfined matter at RHIC and
                        LHC}",
      year           = "2012",
      eprint         = "1205.3625",
      archivePrefix  = "arXiv",
      primaryClass   = "hep-ph",
      SLACcitation   = "%%CITATION = ARXIV:1205.3625;%%",
}

@article{Petersen:2011sb,
      author         = "Petersen, Hannah",
      title          = "{Identified Particle Spectra and Anisotropic Flow in an
                        Event-by-Event Hybrid Approach in Pb+Pb collisions at
                        $\sqrt{s_{\rm NN}}=2.76$ TeV}",
      journal        = "Phys. Rev.",
      volume         = "C84",
      pages          = "034912",
      doi            = "10.1103/PhysRevC.84.034912",
      year           = "2011",
      eprint         = "1105.1766",
      archivePrefix  = "arXiv",
      primaryClass   = "nucl-th",
      SLACcitation   = "%%CITATION = ARXIV:1105.1766;%%",
}

@article{Ryu:2012at,
      author         = "Ryu, Sangwook and Jeon, Sangyong and Gale, Charles and
                        Schenke, Bjoern and Young, Clint",
      title          = "{MUSIC with the UrQMD Afterburner}",
      year           = "2012",
      eprint         = "1210.4588",
      archivePrefix  = "arXiv",
      primaryClass   = "hep-ph",
      SLACcitation   = "%%CITATION = ARXIV:1210.4588;%%",
}

@article{ALICE:2012aa,
      author         = "Abelev, Betty and others",
      title          = "{Measurement of the Cross Section for Electromagnetic
                        Dissociation with Neutron Emission in Pb-Pb Collisions at
                        {\surd}sNN = 2.76 TeV}",
      collaboration  = "ALICE",
      year           = "2012",
      eprint         = "1203.2436",
      archivePrefix  = "arXiv",
      primaryClass   = "nucl-ex",
      SLACcitation   = "%%CITATION = ARXIV:1203.2436;%%",
}

@article{Pan:2012ne,
      author         = "Pan, Yinghua and Pratt, Scott",
      title          = "{Baryon Annihilation in Heavy Ion Collisions}",
      year           = "2012",
      eprint         = "1210.1577",
      archivePrefix  = "arXiv",
      primaryClass   = "nucl-th",
      SLACcitation   = "%%CITATION = ARXIV:1210.1577;%%",
}

@article{Aamodt:2010dx,
      author         = "Aamodt, K. and others",
      title          = "{Midrapidity antiproton-to-proton ratio in pp collisions
                        at $\sqrt{s} = 0.9$ and $7$~TeV measured by the ALICE
                        experiment}",
      collaboration  = "ALICE",
      journal        = "Phys. Rev. Lett.",
      volume         = "105",
      pages          = "072002",
      doi            = "10.1103/PhysRevLett.105.072002",
      year           = "2010",
      eprint         = "1006.5432",
      archivePrefix  = "arXiv",
      primaryClass   = "hep-ex",
      SLACcitation   = "%%CITATION = ARXIV:1006.5432;%%",
}

@article{Aamodt:2010ft,
      author         = "Aamodt, K. and others",
      title          = "{Charged-particle multiplicity measurement in
                        proton-proton collisions at sqrt(s) = 0.9 and 2.36 TeV
                        with ALICE at LHC}",
      collaboration  = "ALICE",
      journal        = "Eur. Phys. J.",
      volume         = "C68",
      pages          = "89-108",
      doi            = "10.1140/epjc/s10052-010-1339-x",
      year           = "2010",
      eprint         = "1004.3034",
      archivePrefix  = "arXiv",
      primaryClass   = "hep-ex",
      SLACcitation   = "%%CITATION = ARXIV:1004.3034;%%",
}




@article{Danysz:1953aa,
      author         = "Danysz, M. and Pniewski, J.",
      journal        = "Phil. Mag.",
      volume         = "44",
      pages          = "348",
      year           = "1953",
}
@article{Hahn:1986mb,
      author         = "Hahn, D. and Stoecker, Horst",
      title          = "{THE QUANTUM STATISTICAL MODEL OF FRAGMENT FORMATION:
                        ENTROPY AND TEMPERATURE EXTRACTION IN HEAVY ION
                        COLLISIONS}",
      journal        = "Nucl. Phys.",
      volume         = "A476",
      pages          = "718-772",
      doi            = "10.1016/0375-9474(88)90332-6",
      year           = "1988",
}

@article{Cleymans:1992zc,
      author         = "Cleymans, J. and Satz, H.",
      title          = "{Thermal hadron production in high-energy heavy ion
                        collisions}",
      journal        = "Z. Phys.",
      volume         = "C57",
      pages          = "135-148",
      doi            = "10.1007/BF01555746",
      year           = "1993",
      eprint         = "hep-ph/9207204",
      archivePrefix  = "arXiv",
      primaryClass   = "hep-ph",
}
@article{Wheaton:2004vg,
      author         = "Wheaton, S. and Cleymans, J.",
      title          = "{Statistical-thermal model calculations using THERMUS}",
      journal        = "J. Phys. G",
      volume         = "G31",
      pages          = "S1069-S1074",
      doi            = "10.1088/0954-3899/31/6/060",
      year           = "2005",
      eprint         = "hep-ph/0412031",
      archivePrefix  = "arXiv",
      primaryClass   = "hep-ph",
}
@article{Hagedorn:1965st,
      author         = "Hagedorn, R.",
      title          = "{Statistical thermodynamics of strong interactions at
                        high-energies}",
      journal        = "Nuovo Cim. Suppl.",
      volume         = "3",
      pages          = "147-186",
      year           = "1965",
}
@article{Hagedorn:1968zz,
      author         = "Hagedorn, R.",
      title          = "{Hadronic matter near the boiling point}",
      journal        = "Nuovo Cim.",
      volume         = "A56",
      pages          = "1027-1057",
      year           = "1968",
}
@article{Landau:1953gs,
      author         = "Landau, L.D.",
      title          = "{On the multiparticle production in high-energy
                        collisions}",
      journal        = "Izv. Akad. Nauk Ser. Fiz.",
      volume         = "17",
      pages          = "51-64",
      year           = "1953",
}
@article{Heisenberg:1952zz,
      author         = "Heisenberg, W.",
      title          = "{Mesonenerzeugung als Stosswellenproblem}",
      journal        = "Z. Phys.",
      volume         = "133",
      pages          = "65",
      year           = "1952",
}
@article{Pomeranchuk:1951ey,
      author         = "Pomeranchuk, I.Ya.",
      title          = "{On the theory of multiple particle production in a
                        single collision}",
      journal        = "Dokl. Akad. Nauk Ser. Fiz.",
      volume         = "78",
      pages          = "889-891",
      year           = "1951",
}
@article{Fermi:1950jd,
      author         = "Fermi, Enrico",
      title          = "{High-energy nuclear events}",
      journal        = "Prog. Theor. Phys.",
      volume         = "5",
      pages          = "570-583",
      year           = "1950",
}
@article{BraunMunzinger:1996mq,
      author         = "Braun-Munzinger, P. and Stachel, J.",
      title          = "{Probing the phase boundary between hadronic matter and
                        the quark - gluon plasma in relativistic heavy ion
                        collisions}",
      journal        = "Nucl. Phys.",
      volume         = "A606",
      pages          = "320-328",
      doi            = "10.1016/0375-9474(96)00198-4",
      year           = "1996",
      note           = "Dedicated to Gerry Brown in honor of his 70th birthday",
      eprint         = "nucl-th/9606017",
      archivePrefix  = "arXiv",
      primaryClass   = "nucl-th",
}
@article{Hamieh:2000tk,
      author         = "Hamieh, Salah and Redlich, Krzysztof and Tounsi, Ahmed",
      title          = "{Canonical description of strangeness enhancement from
                        p-A to Pb Pb collisions}",
      journal        = "Phys. Lett.",
      volume         = "B486",
      pages          = "61-66",
      doi            = "10.1016/S0370-2693(00)00762-0",
      year           = "2000",
      eprint         = "hep-ph/0006024",
      archivePrefix  = "arXiv",
      primaryClass   = "hep-ph",
}

@article{Redlich:2002ij,
      author         = "Redlich, K. and Cleymans, J. and Oeschler, H. and Tounsi,
                        A.",
      title          = "{Particle production and equilibration in heavy ion
                        collisions}",
      journal        = "Acta Phys. Polon.",
      volume         = "B33",
      pages          = "1609-1628",
      year           = "2002",
}

@article{BraunMunzinger:2003zd,
      author         = "Braun-Munzinger, Peter and Redlich, Krzysztof and
                        Stachel, Johanna",
      title          = "{Particle production in heavy ion collisions}",
      year           = "2003",
      note           = "To appear in Quark Gluon Plasma 3, eds. R.C. Hwa and
                        Xin-Nian Wang, World Scientific Publishing",
      eprint         = "nucl-th/0304013",
      archivePrefix  = "arXiv",
      primaryClass   = "nucl-th",
}

@article{BraunMunzinger:2001as,
      author         = "Braun-Munzinger, P. and Cleymans, J. and Oeschler, H. and
                        Redlich, K.",
      title          = "{Maximum relative strangeness content in heavy ion
                        collisions around 30-GeV/A}",
      journal        = "Nucl. Phys.",
      volume         = "A697",
      pages          = "902-912",
      doi            = "10.1016/S0375-9474(01)01257-X",
      year           = "2002",
      eprint         = "hep-ph/0106066",
      archivePrefix  = "arXiv",
      primaryClass   = "hep-ph",
}
@article{Alt:2005gr,
      author         = "Alt, C. and others",
      title          = "{Energy and centrality dependence of antiproton and
                        proton production in relativistic Pb + Pb collisions at
                        the CERN SPS}",
      collaboration  = "NA49",
      year           = "2005",
      eprint         = "nucl-ex/0512033",
      archivePrefix  = "arXiv",
      primaryClass   = "nucl-ex",
}

@article{Arsenescu:2003eg,
      author         = "Arsenescu, R. and others",
      title          = "{An Investigation of the anti-nuclei and nuclei
                        production mechanism in Pb + Pb collisions at 158-A-GeV}",
      collaboration  = "NA52",
      journal        = "New J. Phys.",
      volume         = "5",
      pages          = "150",
      doi            = "10.1088/1367-2630/5/1/150",
      year           = "2003",
}

@Article{Kraus:2007hf,
     author    = "Kraus, I. and Cleymans, J. and Oeschler, H. and Redlich, K.
                  and Wheaton, S.",
     title     = "{Chemical Equilibrium in Collisions of Small Systems}",
     journal   = "Phys. Rev.",
     volume    = "C76",
     year      = "2007",
     pages     = "064903",
     eprint    = "hep-ph/0707.3879",
     archivePrefix = "arXiv",
     primaryClass  =  "hep-ph",
     doi       = "10.1103/PhysRevC.76.064903",
     SLACcitation  = "%%CITATION = 0707.3879;%%"
}


@article{Kraus:2009xa,
      author         = "Kraus, I. and Cleymans, J. and Oeschler, H. and Redlich,
                        K. and Wheaton, S.",
      title          = "{Statistical Model Predictions for p+p and Pb+Pb
                        Collisions at LHC}",
      year           = "2009",
      eprint         = "hep-ph/0902.0873",
      archivePrefix  = "arXiv",
      primaryClass   = "hep-ph",
}

@article{Agakishiev:2011ib,
      author         = "Agakishiev, H. and others",
      title          = "{Observation of the antimatter helium-4 nucleus}",
      collaboration  = "STAR",
      journal        = "Nature",
      volume         = "473",
      pages          = "353",
      doi            = "10.1038/nature10079",
      year           = "2011",
      eprint         = "1103.3312",
      archivePrefix  = "arXiv",
      primaryClass   = "nucl-ex",
      SLACcitation   = "%%CITATION = ARXIV:1103.3312;%%",
}

@Article{Adler:2001uy,
     author    = "Adler, C. and others",
 collaboration = "STAR",
     title     = "{Antideuteron and anti-helium-3 production in $\sqrt{s_{NN}}$
                  = 130-GeV  Au + Au collisions}",
     journal   = "Phys. Rev. Lett.",
     volume    = "87",
     year      = "2001",
     pages     = "262301",
     eprint    = "nucl-ex/0108022",
     archivePrefix = "arXiv",
     doi       = "10.1103/PhysRevLett.87.262301",
     SLACcitation  = "%%CITATION = NUCL-EX/0108022;%%"
}
@article{Abelev:2009ae,
      author         = "Abelev, B.I. and others",
      title          = "{Yields and elliptic flow of d(anti-d) and
                        He-3(anti-He-3) in Au + Au collisions at $\sqrt{s_{NN}}$ =
                        200- GeV}",
      collaboration  = "STAR",
      year           = "2009",
      eprint         = "0909.0566",
      archivePrefix  = "arXiv",
      primaryClass   = "nucl-ex",
      SLACcitation   = "%%CITATION = ARXIV:0909.0566;%%",
}
@article{Afanasiev:2007tv,
      author         = "Afanasiev, S. and others",
      title          = "{Elliptic flow for phi mesons and (anti)deuterons in Au +
                        Au collisions at $\sqrt{s_{NN}}$ = 200-GeV}",
      collaboration  = "PHENIX",
      journal        = "Phys. Rev. Lett.",
      volume         = "99",
      pages          = "052301",
      doi            = "10.1103/PhysRevLett.99.052301",
      year           = "2007",
      eprint         = "nucl-ex/0703024",
      archivePrefix  = "arXiv",
      primaryClass   = "NUCL-EX",
      SLACcitation   = "%%CITATION = NUCL-EX/0703024;%%",
}

@article{Gutbrod:1988gt,
      author         = "Gutbrod, H.H. and Sandoval, A. and Johansen, P.J. and
                        Poskanzer, Arthur M. and Gosset, J. and others",
      title          = {FINAL STATE INTERACTIONS IN THE PRODUCTION OF HYDROGEN
                        AND HELIUM ISOTOPES BY RELATIVISTIC HEAVY IONS ON
                        URANIUM},
      journal        = "Phys. Rev. Lett.",
      volume         = "37",
      pages          = "667-670",
      doi            = "10.1103/PhysRevLett.37.667",
      year           = "1976",
      SLACcitation   = "%%CITATION = PRLTA,37,667;%%",
}

@article{Armstrong:2000gz,
      author         = "Armstrong, T.A. and others",
      title          = "{Measurements of light nuclei production in 11.5-A-GeV/c
                        Au + Pb heavy ion collisions}",
      collaboration  = "E864",
      journal        = "Phys. Rev.",
      volume         = "C61",
      pages          = "064908",
      doi            = "10.1103/PhysRevC.61.064908",
      year           = "2000",
      eprint         = "nucl-ex/0003009",
      archivePrefix  = "arXiv",
      primaryClass   = "nucl-ex",
      SLACcitation   = "%%CITATION = NUCL-EX/0003009;%%",
}


@article{Karsch:2010ck,
      author         = "Karsch, Frithjof and Redlich, Krzysztof",
      title          = "{Probing freeze-out conditions in heavy ion collisions
                        with moments of charge fluctuations}",
      journal        = "Phys. Lett.",
      volume         = "B695",
      pages          = "136-142",
      doi            = "10.1016/j.physletb.2010.10.046",
      year           = "2011",
      eprint         = "hep-ph/1007.2581",
      archivePrefix  = "arXiv",
      primaryClass   = "hep-ph",
}
@article{Cleymans:1998yb,
      author         = "Cleymans, Jean and Oeschler, Helmut and Redlich,
                        Krzysztof",
      title          = "{Influence of impact parameter on thermal description of
                        relativistic heavy ion collisions at (1-2) A-GeV}",
      journal        = "Phys. Rev.",
      volume         = "C59",
      pages          = "1663",
      doi            = "10.1103/PhysRevC.59.1663",
      year           = "1999",
      eprint         = "nucl-th/9809027",
      archivePrefix  = "arXiv",
      primaryClass   = "nucl-th",
}

@article{Rapp:2000gy,
      author         = "Rapp, Ralf and Shuryak, Edward V.",
      title          = "{Resolving the anti-baryon production puzzle in
                        high-energy heavy ion collisions}",
      journal        = "Phys. Rev. Lett.",
      volume         = "86",
      pages          = "2980-2983",
      doi            = "10.1103/PhysRevLett.86.2980",
      year           = "2001",
      eprint         = "hep-ph/0008326; and refs. therein",
      archivePrefix  = "arXiv",
      primaryClass   = "hep-ph",
}
@Article{Alner:1985ra,
     author    = "Alner, G. J. and others",
 collaboration = "UA5",
     title     = "{KAON PRODUCTION IN anti-p p REACTIONS AT A CENTER-OF-MASS
                  ENERGY OF 540-GeV}",
     journal   = "Nucl. Phys.",
     volume    = "B258",
     year      = "1985",
     pages     = "505",
     doi       = "10.1016/0550-3213(85)90624-8",
     SLACcitation  = "%%CITATION = NUPHA,B258,505;%%"
}
@Article{Alexopoulos:1993wt,
     author    = "Alexopoulos, T. and others",
 collaboration = "E735",
     title     = "{Mass identified particle production in $p\bar{p}$
                  collisions at $\sqrt{s}$ = 300-GeV, 540-GeV, 1000-GeV, and
                  1800-GeV}",
     journal   = "Phys. Rev.",
     volume    = "D48",
     year      = "1993",
     pages     = "984-997",
     doi       = "10.1103/PhysRevD.48.984",
     SLACcitation  = "%%CITATION = PHRVA,D48,984;%%"
}

@Article{Abelev:2006cs,
     author    = "Abelev, B. I. and others",
 collaboration = "STAR",
     title     = "{Strange particle production in p + p collisions at
                  $\sqrt{s}$ = 200-GeV}",
     journal   = "Phys. Rev.",
     volume    = "C75",
     year      = "2007",
     pages     = "064901",
     eprint    = "nucl-ex/0607033",
     archivePrefix = "arXiv",
     doi       = "10.1103/PhysRevC.75.064901",
     SLACcitation  = "%%CITATION = NUCL-EX/0607033;%%"
}
@Article{Abelev:2006jr,
    author    = "Abelev, B. I. and others",
    collaboration = "STAR COLLABORATION",
    title     = "{Identified baryon and meson distributions at large
    transverse momenta  from Au + Au collisions at $\sqrt{s_{NN}}$ = 200-GeV}",
    journal   = "Phys. Rev. Lett.",
    volume    = "97",
    year      = "2006",
    pages     = "152301",
    eprint    = "nucl-ex/0606003",
    archivePrefix = "arXiv",
    doi       = "10.1103/PhysRevLett.97.152301",
    SLACcitation  = "%%CITATION = NUCL-EX/0606003;%%"
}
@Article{Adams:2006ke,
     author    = "Adams, J. and others",
     collaboration = "STAR COLLABORATION",
     title     = "{Scaling Properties of Hyperon Production in Au+Au Collisions at   sqrt(s_NN) = 200 GeV}",
     journal   = "Phys. Rev. Lett.",
     volume    = "98",
     year      = "2007",
     pages     = "062301",
     eprint    = "nucl-ex/0606014",
     archivePrefix = "arXiv",
     doi       = "10.1103/PhysRevLett.98.062301",
     SLACcitation  = "%%CITATION = NUCL-EX/0606014;%%"
}
@Article{Barannikova:2004rp,
     author    = "Barannikova, Olga Yu.",
 collaboration = "STAR COLLABORATION",
     title     = "{Probing collision dynamics at RHIC}",
     year      = "2004",
     eprint    = "nucl-ex/0403014",
     archivePrefix = "arXiv",
     SLACcitation  = "%%CITATION = NUCL-EX/0403014;%%"
}
@Article{Alt:2005zq,
     author    = "Alt, C. and others",
 collaboration = "NA49",
     title     = "{Inclusive production of charged pions in p p collisions at
                  158-GeV/c  beam momentum}",
     journal   = "Eur. Phys. J.",
     volume    = "C45",
     year      = "2006",
     pages     = "343-381",
     eprint    = "hep-ex/0510009",
     archivePrefix = "arXiv",
     doi       = "10.1140/epjc/s2005-02391-9",
     SLACcitation  = "%%CITATION = HEP-EX/0510009;%%"
}
@Article{Anticic:2009wd,
     author    = "Anticic, T. and others",
 collaboration = "NA49",
     title     = "{Inclusive production of protons, anti-protons and neutrons
                  in p+p collisions at 158 GeV/c beam momentum}",
     journal   = "Eur. Phys. J.",
     volume    = "C65",
     year      = "2010",
     pages     = "9-63",
     eprint    = "0904.2708",
     archivePrefix = "arXiv",
     primaryClass  =  "hep-ex",
     doi       = "10.1140/epjc/s10052-009-1172-2",
     SLACcitation  = "%%CITATION = 0904.2708;%%"
}
@Article{Afanasiev:2002mx,
     author    = "Afanasiev, S. V. and others",
 collaboration = "The NA49",
     title     = "{Energy dependence of pion and kaon production in central
                  Pb + Pb collisions}",
     journal   = "Phys. Rev.",
     volume    = "C66",
     year      = "2002",
     pages     = "054902",
     eprint    = "nucl-ex/0205002",
     archivePrefix = "arXiv",
     doi       = "10.1103/PhysRevC.66.054902",
     SLACcitation  = "%%CITATION = NUCL-EX/0205002;%%"
}
@Article{Alt:2006dk,
     author    = "Alt, C. and others",
 collaboration = "NA49",
     title     = "{Energy and centrality dependence of anti-p and p
                  production and the anti-Lambda/anti-p ratio in Pb+Pb
                  collisions between 20/A-GeV and 158/A-Gev}",
     journal   = "Phys. Rev.",
     volume    = "C73",
     year      = "2006",
     pages     = "044910",
     doi       = "10.1103/PhysRevC.73.044910",
     SLACcitation  = "%%CITATION = PHRVA,C73,044910;%%"
}

@Article{Alt:2008qm,
     author    = "Alt, C. and others",
     title     = "{Omega- and Antiomega+ production in Pb + Pb and p + p
                  collisions at  30-A-GeV, 40-A-GeV and 158-A-GeV}",
     journal   = "J. Phys.",
     volume    = "G30",
     year      = "2004",
     pages     = "S357-S362",
     eprint    = "nucl-ex/0305029",
     archivePrefix = "arXiv",
     doi       = "10.1088/0954-3899/30/1/042",
     SLACcitation  = "%%CITATION = NUCL-EX/0305029;%%"
}

@article{Stoecker:1986ci,
      author         = "Stoecker, Horst and Greiner, W.",

      title          = "{High-Energy Heavy Ion Collisions: Probing the Equation
                        of State of Highly Excited Hadronic Matter}",
      journal        = "Phys. Rept.",
      volume         = "137",
      pages          = "277-392",
      doi            = "10.1016/0370-1573(86)90131-6",
      year           = "1986",
}

@Article{Alt:2007fe,
     author    = "Alt, C. and others",
 collaboration = "NA49",
     title     = "{Pion and kaon production in central Pb+Pb collisions at
                  20A and 30A GeV: Evidence for the onset of deconfinement}",
     journal   = "Phys. Rev.",
     volume    = "C77",
     year      = "2008",
     pages     = "024903",
     eprint    = "0710.0118",
     archivePrefix = "arXiv",
     primaryClass  =  "nucl-ex",
     doi       = "10.1103/PhysRevC.77.024903",
     SLACcitation  = "%%CITATION = 0710.0118;%%"
}

@Article{Abelev:2010,
     author    = "Abelev, B. I. and others",
 collaboration = "STAR",
     title     = "{Observation of an Antimatter Hypernucleus}",
     journal   = "Science",
     volume    = "328",
     year      = "2010",
     pages     = "58-62",
     eprint    = "1003.2030",
     archivePrefix = "arXiv",
     primaryClass  =  "nucl-ex",
     doi       = "10.1126/science.1183980",
     SLACcitation  = "%%CITATION = 1003.2030;%%"
}
@article{Cleymans:2011pe,
      author         = "Cleymans, J. and Kabana, S. and Kraus, I. and Oeschler,
                        H. and Redlich, K. and others",
      title          = "{Antimatter production in proton-proton and heavy-ion
                        collisions at ultrarelativistic energies}",
      journal        = "Phys. Rev.",
      volume         = "C84",
      pages          = "054916",
      doi            = "10.1103/PhysRevC.84.054916",
      year           = "2011",
      eprint         = "1105.3719",
      archivePrefix  = "arXiv",
      primaryClass   = "hep-ph",
      SLACcitation   = "%%CITATION = ARXIV:1105.3719;%%",
}


@Article{Cleymans:2005xv,
     author    = "Cleymans, J. and Oeschler, H. and Redlich, K. and Wheaton,
                  S.",
     title     = "{Comparison of chemical freeze-out criteria in heavy-ion
                  collisions}",
     journal   = "Phys. Rev.",
     volume    = "C73",
     year      = "2006",
     pages     = "034905",
     eprint    = "hep-ph/0511094",
     archivePrefix = "arXiv",
     doi       = "10.1103/PhysRevC.73.034905",
     SLACcitation  = "%%CITATION = HEP-PH/0511094;%%"
}


@Article{Andronic:2005yp,
     author    = "Andronic, A. and Braun-Munzinger, P. and Stachel, J.",
     title     = "{Hadron production in central nucleus nucleus collisions at
                  chemical  freeze-out}",
     journal   = "Nucl. Phys.",
     volume    = "A772",
     year      = "2006",
     pages     = "167-199",
     eprint    = "nucl-th/0511071",
     archivePrefix = "arXiv",
     doi       = "10.1016/j.nuclphysa.2006.03.012",
     SLACcitation  = "%%CITATION = NUCL-TH/0511071;%%"
}

@Article{Alme:2010ke,
     author    = "Alme, J. and others",
     title     = "{The ALICE TPC, a large 3-dimensional tracking device with
                  fast readout for ultra-high multiplicity events}",
     journal   = "Nucl. Instrum. Meth.",
     volume    = "A622",
     year      = "2010",
     pages     = "316-367",
     eprint    = "arXiv:1001.1950",
     archivePrefix = "arXiv",
     primaryClass  =  "physics.ins-det",
     OPTdoi       = "10.1016/j.nima.2010.04.042",
     SLACcitation  = "%%CITATION = 1001.1950;%%"
}


@Article{zhou,
     author    = "Jianhang Zhou",
     title     = "{Light (Anti-)Nuclei Production in the STAR Experiment
                   at RHIC}",
     journal   = "Rice University",
     volume    = "Ph.D. Thesis",
     year      = "August 2009",
     SLACcitation  = "%%CITATION = NUCL-TH/0511071;%%"
}


@Article{Sato:1981ez,
     author    = "Sato, H. and Yazaki, K.",
     title     = "{On the coalescence model for high-energy nuclear
                  reactions}",
     journal   = "Phys. Lett.",
     volume    = "B98",
     year      = "1981",
     pages     = "153-157",
     doi       = "10.1016/0370-2693(81)90976-X",
     SLACcitation  = "%%CITATION = PHLTA,B98,153;%%"
}

@Article{Ioffe:2003uf,
     author    = "Ioffe, B. L. and Shushpanov, I. A. and Zyablyuk, K. N.",
     title     = "{Formation of antideuterons in heavy ion collisions}",
     journal   = "Phys. Atom. Nucl.",
     volume    = "68",
     year      = "2005",
     pages     = "326-331",
     eprint    = "hep-ph/0302052",
     archivePrefix = "arXiv",
     doi       = "10.1134/1.1866387",
     SLACcitation  = "%%CITATION = HEP-PH/0302052;%%"
}

@Article{Alessandro,
  author    = "Alessandro, B. and others",
 collaboration = "ALICE COLLABORATION",
     journal   = " J. Phys. G",
     volume    = "32",
     year      = "2006",
     pages     = "1295"
}

@Article{Cinausero,
  author    = "Cinausero, M. and others",
 collaboration = "ALICE",
     journal   = " J. Phys. G",
     volume    = "30",
     year      = "2004",
     pages     = "1517"
}

@Article{Aamod,
  author    = "Aamod, K.",
 collaboration = "ALICE COLLABORATION",
     journal   = " JINST",
     volume    = "3",
     year      = "2008",
     pages     = "S08002"
}


%\bibitem{Alessandro} ALICE Collaboration, B.~Alessandro et al., J. Phys. G \textbf{32}, 1295 (2006).

%\bibitem{Cinausero} ALICE Collaboration, M.~Cinausero et al., J. Phys. G \textbf{30}, 1517 (2004).

%\bibitem{Aamod} ALICE Collaboration, K.~Aamod et al., JINST \textbf{3}, S08002 (2008).


@Article{Ioffe:2004rb,
     author    = "Ioffe, B. L. and Shushpanov, I. A. and Zyablyuk, K. N.",
     title     = "{Production of light antinuclei in heavy ion collisions}",
     journal   = "Int. J. Mod. Phys.",
     volume    = "E13",
     year      = "2004",
     pages     = "1157-1178",
     eprint    = "nucl-th/0403089",
     archivePrefix = "arXiv",
     doi       = "10.1142/S0218301304002673",
     SLACcitation  = "%%CITATION = NUCL-TH/0403089;%%"
}


@Article{alice,
author = "ALICE Collaboration",
title = "{The ALICE experiment at the CERN LHC}",
journal = "JINST",
volume = "3",
year = "2008",
pages = "S08002"
}

@Article{tof,
author = "ALICE Collaboration",
journal = "CERN/LHCC 2000-012",
year = "2000"
} %ALICE TDR 8, 2000, ALICE TOF TDR.

@Article{its,
author = "ALICE Collaboration",
journal = "CERN/LHCC 99-12",
year = "1999"
} % ALICE TDR 4, 1999, ALICE ITS TDR.


@article{Siemens:1979dz,
      author         = "Siemens, P. J. and Kapusta, Joseph I.",
      title          = {EVIDENCE FOR A SOFT NUCLEAR MATTER EQUATION OF STATE},
      journal        = "Phys. Rev. Lett.",
      volume         = "43",
      pages          = "1486-1489",
      doi            = "10.1103/PhysRevLett.43.1486",
      year           = "1979",
      SLACcitation   = "%%CITATION = PRLTA,43,1486;%%",
}

@article{Abelev:2013xaa,
      author         = "Abelev, Betty Bezverkhny and others",
      title          = "{$K^0_S$ and $\Lambda$ production in Pb-Pb collisions at
                        $\sqrt{s_{NN}}$ = 2.76 TeV}",
      collaboration  = "ALICE",
      journal        = "Phys. Rev. Lett.",
      volume         = "111",
      pages          = "222301",
      doi            = "10.1103/PhysRevLett.111.222301",
      year           = "2013",
      eprint         = "1307.5530",
      archivePrefix  = "arXiv",
      primaryClass   = "nucl-ex",
      reportNumber   = "CERN-PH-EP-2013-132",
      SLACcitation   = "%%CITATION = ARXIV:1307.5530;%%",
}

@article{PhysRevC.88.034908,
  author = {Chen, Gang and Chen, Huan and Wu, Juan and Li, De-Sheng and Wang, Mei-Juan},
  title = "{Centrality dependence of light (anti)nuclei and (anti)hypertriton production in Au+Au collisions at $\sqrt{s_{NN}}$ = 200 GeV}",
  journal = {Phys. Rev. C},
  volume = {88},
  issue = {3},
  pages = {034908},
  numpages = {6},
  year = {2013},
  month = {Sep},
  publisher = {American Physical Society},
  doi = {10.1103/PhysRevC.88.034908},
  url = {http://link.aps.org/doi/10.1103/PhysRevC.88.034908}
}



@article{Abelev:2014ffa,
      author         = "Abelev, Betty Bezverkhny and others",
      title          = "{Performance of the ALICE Experiment at the CERN LHC}",
      collaboration  = "ALICE",
      journal        = "Int. J. Mod. Phys.",
      volume         = "A29",
      pages          = "1430044",
      doi            = "10.1142/S0217751X14300440",
      year           = "2014",
      eprint         = "1402.4476",
      archivePrefix  = "arXiv",
      primaryClass   = "nucl-ex",
      reportNumber   = "CERN-PH-EP-2014-031",
      SLACcitation   = "%%CITATION = ARXIV:1402.4476;%%",
}



@article{Adler:2004uy,
      author         = "Adler, S.S. and others",
      title          = "{Deuteron and antideuteron production in Au + Au
                        collisions at $\sqrt{s_{NN}}$ = 200-GeV}",
      collaboration  = "PHENIX",
      journal        = "Phys. Rev. Lett.",
      volume         = "94",
      pages          = "122302",
      doi            = "10.1103/PhysRevLett.94.122302",
      year           = "2005",
      eprint         = "nucl-ex/0406004",
      archivePrefix  = "arXiv",
      primaryClass   = "nucl-ex",
      SLACcitation   = "%%CITATION = NUCL-EX/0406004;%%",
}

@article{Moiseev,
  author = "Moiseev, A. A. and Ormes, J. F.",
  title = {Inelastic cross section for antihelium on nuclei: an empirical formula for use in the experiments to search for cosmic antimatter},
  journal = "Astropart. Phys.",
  volume = "6",
  issue = "3-4",
  pages = "379-386",
  year = "1997",
  month = "April",
  doi = "http://dx.doi.org/10.1016/S0927-6505(96)00071-0" }
% url = {http://www.sciencedirect.com/science/article/pii/S0927650596000710}
%}


@article{Denisov:1971im,
      author         = "Denisov, S.P. and Donskov, S.V. and Gorin, Yu.P. and
                        Kachanov, V.A. and Kutjin, V.M. and others",
      title          = "{Measurements of anti-deuteron absorption and stripping
                        cross sections at the momentum 13.3 Gev/c}",
      journal        = "Nucl. Phys.",
      volume         = "B31",
      pages          = "253-260",
      doi            = "10.1016/0550-3213(71)90229-X",
      year           = "1971",
      SLACcitation   = "%%CITATION = NUPHA,B31,253;%%",
}



@article{Wang:1991hta,
      author         = "Wang, Xin-Nian and Gyulassy, Miklos",
      title          = "{HIJING: A Monte Carlo model for multiple jet production
                        in pp, pA and AA collisions}",
      journal        = "Phys. Rev.",
      volume         = "D44",
      pages          = "3501-3516",
      doi            = "10.1103/PhysRevD.44.3501",
      year           = "1991",
      reportNumber   = "LBL-31036",
      SLACcitation   = "%%CITATION = PHRVA,D44,3501;%%",
}


@article{Sjostrand:2006za,
      author         = "Sjostrand, Torbjorn and Mrenna, Stephen and Skands, Peter
                        Z.",
      title          = "{PYTHIA 6.4 Physics and Manual}",
      journal        = "JHEP",
      volume         = "0605",
      pages          = "026",
      doi            = "10.1088/1126-6708/2006/05/026",
      year           = "2006",
      eprint         = "hep-ph/0603175",
      archivePrefix  = "arXiv",
      primaryClass   = "hep-ph",
      reportNumber   = "FERMILAB-PUB-06-052-CD-T, LU-TP-06-13",
      SLACcitation   = "%%CITATION = HEP-PH/0603175;%%",
}

@article{Engel:1995sb,
      author         = "Engel, R. and Ranft, J. and Roesler, S.",
      title          = "{Hard diffraction in hadron hadron interactions and in
                        photoproduction}",
      journal        = "Phys. Rev.",
      volume         = "D52",
      pages          = "1459-1468",
      doi            = "10.1103/PhysRevD.52.1459",
      year           = "1995",
      eprint         = "hep-ph/9502319",
      archivePrefix  = "arXiv",
      primaryClass   = "hep-ph",
      reportNumber   = "SI-95-16",
      SLACcitation   = "%%CITATION = HEP-PH/9502319;%%",
}

@article{Kamada:1997rv,
      author         = "Kamada, H. and Golak, J. and Miyagawa, K. and Witala, H.
                        and Gloeckle, Walter",
      title          = "{Pi mesonic decay of the hypertriton}",
      journal        = "Phys. Rev.",
      volume         = "C57",
      pages          = "1595-1603",
      doi            = "10.1103/PhysRevC.57.1595",
      year           = "1998",
      eprint         = "nucl-th/9709035",
      archivePrefix  = "arXiv",
      primaryClass   = "nucl-th",
      SLACcitation   = "%%CITATION = NUCL-TH/9709035;%%",
}

@article{Kapusta:1980zz,
      author         = "Kapusta, Joseph I.",
      title          = "{Mechanisms for deuteron production in relativistic
                        nuclear collisions}",
      journal        = "Phys. Rev.",
      volume         = "C21",
      pages          = "1301-1310",
      doi            = "10.1103/PhysRevC.21.1301",
      year           = "1980",
      SLACcitation   = "%%CITATION = PHRVA,C21,1301;%%",
}

@article{Butler:1963pp,
      author         = "Butler, S.T. and Pearson, C.A.",
      title          = {Deuterons from High-Energy Proton Bombardment of
                        Matter},
      journal        = "Phys. Rev.",
      volume         = "129",
      pages          = "836-842",
      doi            = "10.1103/PhysRev.129.836",
      year           = "1963",
      SLACcitation   = "%%CITATION = PHRVA,129,836;%%",
}

@article{Afanasev:2000ku,
      author         = "Afanasev, S.V. and others",
      title          = "{Deuteron production in central Pb + Pb collisions at
                        158-A-GeV}",
      collaboration  = "NA49",
      journal        = "Phys. Lett.",
      volume         = "B486",
      pages          = "22-28",
      doi            = "10.1016/S0370-2693(00)00746-2",
      year           = "2000",
      SLACcitation   = "%%CITATION = PHLTA,B486,22;%%",
}

@article{Schael:2006fd,
      author         = "Schael, S. and others",
      title          = "{Deuteron and anti-deuteron production in e+ e-
                        collisions at the Z resonance}",
      collaboration  = "ALEPH",
      journal        = "Phys. Lett.",
      volume         = "B639",
      pages          = "192-201",
      doi            = "10.1016/j.physletb.2006.06.043",
      year           = "2006",
      eprint         = "hep-ex/0604023",
      archivePrefix  = "arXiv",
      primaryClass   = "hep-ex",
      reportNumber   = "CERN-PH-EP-2006-009",
      SLACcitation   = "%%CITATION = HEP-EX/0604023;%%",
}

@article{Aktas:2004pq,
      author         = "Aktas, A. and others",
      title          = "{Measurement of anti-deuteron photoproduction and a
                        search for heavy stable charged particles at HERA}",
      collaboration  = "H1",
      journal        = "Eur. Phys. J.",
      volume         = "C36",
      pages          = "413-423",
      year           = "2004",
      eprint         = "hep-ex/0403056",
      archivePrefix  = "arXiv",
      primaryClass   = "hep-ex",
      reportNumber   = "DESY-04-032",
      SLACcitation   = "%%CITATION = HEP-EX/0403056;%%",
}

@article{Abramov:1986ti,
      author         = "Abramov, V.V. and Baldin, B. Yu. and Buzulutskov, A.F.
                        and Glebov, V. Yu. and Dyshkant, A.S. and others",
      title          = "{High $p_T$ Deuteron and Anti-deuteron Production in $p
                        p$ and $p$A Collisions at 70-{GeV}}",
      journal        = "Sov. J. Nucl. Phys.",
      volume         = "45",
      pages          = "845",
      year           = "1987",
      reportNumber   = "IFVE-86-56",
      SLACcitation   = "%%CITATION = SJNCA,45,845;%%",
}

@article{Anticic:2004yj,
      author         = "Anticic, T. and others",
      title          = "{Energy and centrality dependence of deuteron and proton
                        production in Pb + Pb collisions at relativistic
                        energies}",
      collaboration  = "NA49",
      journal        = "Phys. Rev.",
      volume         = "C69",
      pages          = "024902",
      doi            = "10.1103/PhysRevC.69.024902",
      year           = "2004",
      SLACcitation   = "%%CITATION = PHRVA,C69,024902;%%",
}

@article{Bearden:2000we,
      author         = "Bearden, I.G. and Boggild, H. and Boissevain, J. and
                        Christiansen, P.H.L. and Conin, L. and others",
      title          = "{Anti-deuteron production in 158-A-GeV/c Pb + Pb
                        collisions}",
      journal        = "Phys. Rev. Lett.",
      volume         = "85",
      pages          = "2681-2684",
      doi            = "10.1103/PhysRevLett.85.2681",
      year           = "2000",
      SLACcitation   = "%%CITATION = PRLTA,85,2681;%%",
}

@article{Uzhinsky:2011zz,
      author         = "Uzhinsky, V. and Apostolakis, J. and Galoyan, A. and
                        Folger, G. and Grichine, V.M. and others",
      title          = "{Antinucleus-nucleus cross sections implemented in
                        Geant4}",
      journal        = "Phys. Lett.",
      volume         = "B705",
      pages          = "235-239",
      doi            = "10.1016/j.physletb.2011.10.010",
      year           = "2011",
      reportNumber   = "SLAC-REPRINT-2012-056",
      SLACcitation   = "%%CITATION = PHLTA,B705,235;%%",
}

@article{Agostinelli:2002hh,
      author         = "Agostinelli, S. and others",
      title          = "{GEANT4: A Simulation toolkit}",
      collaboration  = "GEANT4",
      journal        = "Nucl. Instrum. Meth.",
      volume         = "A506",
      pages          = "250-303",
      doi            = "10.1016/S0168-9002(03)01368-8",
      year           = "2003",
      reportNumber   = "SLAC-PUB-9350, FERMILAB-PUB-03-339",
      SLACcitation   = "%%CITATION = NUIMA,A506,250;%%",
}

@article{Abbas:2013rua,
      author         = "Abbas, E. and others",
      title          = "{Mid-rapidity anti-baryon to baryon ratios in pp collisions at $\sqrt{s}$ = 0.9, 2.76 and 7 TeV measured by ALICE}",
      collaboration  = "ALICE",
      journal        = "Eur. Phys. J.",
      volume         = "C73",
      pages          = "2496",
      doi            = "10.1140/epjc/s10052-013-2496-5",
      year           = "2013",
      eprint         = "1305.1562",
      archivePrefix  = "arXiv",
      primaryClass   = "nucl-ex",
      reportNumber   = "CERN-PH-EP-2013-080",
      SLACcitation   = "%%CITATION = ARXIV:1305.1562;%%",
}


@article{Aamodt:2010my,
      author         = "Aamodt, K and others",
      title          = "{Transverse momentum spectra of charged particles in
                        proton-proton collisions at $\sqrt{s} = 900$~GeV with
                        ALICE at the LHC}",
      collaboration  = "ALICE",
      journal        = "Phys. Lett.",
      volume         = "B693",
      pages          = "53-68",
      doi            = "10.1016/j.physletb.2010.08.026",
      year           = "2010",
      eprint         = "1007.0719",
      archivePrefix  = "arXiv",
      primaryClass   = "hep-ex",
      SLACcitation   = "%%CITATION = ARXIV:1007.0719;%%",
}


@article{Binon:1970yu,
      author         = "Binon, F.G. and Denisov, S.P. and Donskov, S.V. and
                        Duteil, P. and Giacomelli, G. and others",
      title          = "{Absorption cross-sections of 25 Gev/c antideuterons in
                        Li, C, Al, Cu and Pb}",
      journal        = "Phys. Lett.",
      volume         = "B31",
      pages          = "230-232",
      doi            = "10.1016/0370-2693(70)90112-7",
      year           = "1970",
      SLACcitation   = "%%CITATION = PHLTA,B31,230;%%",
}


@article{Adler:2003cb,
      author         = "Adler, S.S. and others",
      title          = "{Identified charged particle spectra and yields in Au+Au
                        collisions at $\sqrt{s_{NN}}$ = 200-GeV}",
      collaboration  = "PHENIX",
      journal        = "Phys. Rev.",
      volume         = "C69",
      pages          = "034909",
      doi            = "10.1103/PhysRevC.69.034909",
      year           = "2004",
      eprint         = "nucl-ex/0307022",
      archivePrefix  = "arXiv",
      primaryClass   = "nucl-ex",
      SLACcitation   = "%%CITATION = NUCL-EX/0307022;%%",
}

@article{Abelev:2012sea,
      author         = "Abelev, Betty and others",
      title          = "{Measurement of inelastic, single- and double-diffraction
                        cross sections in proton--proton collisions at the LHC
                        with ALICE}",
      collaboration  = "ALICE",
      journal        = "Eur. Phys. J.",
      volume         = "C73",
      pages          = "2456",
      doi            = "10.1140/epjc/s10052-013-2456-0",
      year           = "2013",
      eprint         = "1208.4968",
      archivePrefix  = "arXiv",
      primaryClass   = "hep-ex",
      reportNumber   = "CERN-PH-EP-2012-138, CERN-PH-EP-2012-238",
      SLACcitation   = "%%CITATION = ARXIV:1208.4968;%%",
}

@article{Abelev:2013ala,
      author         = "Abelev, Betty Bezverkhny and others",
         title          = "{Energy Dependence of the Transverse Momentum
                        Distributions of Charged Particles in pp Collisions
                        Measured by ALICE}",
      collaboration  = "ALICE",
      journal        = "Eur. Phys. J.",
      number         = "12",
      volume         = "C73",
      pages          = "2662",
      doi            = "10.1140/epjc/s10052-013-2662-9",
      year           = "2013",
      eprint         = "1307.1093",
      archivePrefix  = "arXiv",
      primaryClass   = "nucl-ex",
      reportNumber   = "CERN-PH-EP-2013-109",
      SLACcitation   = "%%CITATION = ARXIV:1307.1093;%%",
}

@article{Polleri:1997bp,
      author         = "Polleri, Alberto and Bondorf, Jakob P. and Mishustin,
                        Igor N.",
      title          = "{Effects of collective expansion on light cluster spectra
                        in relativistic heavy ion collisions}",
      journal        = "Phys. Lett.",
      volume         = "B419",
      pages          = "19-24",
      doi            = "10.1016/S0370-2693(97)01455-X",
      year           = "1998",
      eprint         = "nucl-th/9711011",
      archivePrefix  = "arXiv",
      primaryClass   = "nucl-th",
      reportNumber   = "NBI-97-44",
      SLACcitation   = "%%CITATION = NUCL-TH/9711011;%%",
}


@article{Csernai:1986qf,
      author         = "Csernai, L.P. and Kapusta, Joseph I.",
      title          = "{Entropy and Cluster Production in Nuclear Collisions}",
      journal        = "Phys.Rept.",
      volume         = "131",
      pages          = "223-318",
      doi            = "10.1016/0370-1573(86)90031-1",
      year           = "1986",
      SLACcitation   = "%%CITATION = PRPLC,131,223;%%",
}

@article{Schwarzschild:1963zz,
      author         = "Schwarzschild, A. and Zupancic, C.",
      title          = "{Production of Tritons, Deuterons, Nucleons, and Mesons
                        by 30-GeV Protons on A-1, Be, and Fe Targets}",
      journal        = "Phys.Rev.",
      volume         = "129",
      pages          = "854-862",
      doi            = "10.1103/PhysRev.129.854",
      year           = "1963",
      SLACcitation   = "%%CITATION = PHRVA,129,854;%%",
}


@article{Abelev:2012ola,
      author         = "Abelev, Betty and others",
      title          = "{Long-range angular correlations on the near and away
                        side in $p$-Pb collisions at $\sqrt{s_{NN}}=5.02$ TeV}",
      collaboration  = "ALICE",
      journal        = "Phys. Lett.",
      volume         = "B719",
      year           = "2013",
      pages          = "29-41",
      doi            = "10.1016/j.physletb.2013.01.012",
      eprint         = "1212.2001",
      archivePrefix  = "arXiv",
      primaryClass   = "nucl-ex",
      reportNumber   = "CERN-PH-EP-2012-359",
      SLACcitation   = "%%CITATION = ARXIV:1212.2001;%%"
}

@article{ABELEV:2013wsa,
      author         = "Abelev, Betty Bezverkhny and others",
      title          = "{Long-range angular correlations of $\rm \pi$, K and p in
                        p-Pb collisions at $\sqrt{s_{\rm NN}}$ = 5.02 TeV}",
      collaboration  = "ALICE",
      journal        = "Phys. Lett.",
      volume         = "B726",
      year           = "2013",
      pages          = "164-177",
      doi            = "10.1016/j.physletb.2013.08.024",
      eprint         = "1307.3237",
      archivePrefix  = "arXiv",
      primaryClass   = "nucl-ex",
      reportNumber   = "CERN-PH-EP-2013-115",
      SLACcitation   = "%%CITATION = ARXIV:1307.3237;%%"
}

@article{Abelev:2013haa,
      author         = "Abelev, Betty Bezverkhny and others",
      title          = "{Multiplicity Dependence of Pion, Kaon, Proton and Lambda
                        Production in p-Pb Collisions at $\sqrt{s_{NN}}$ = 5.02
                        TeV}",
      collaboration  = "ALICE",
      journal        = "Phys. Lett.",
      volume         = "B728",
      year           = "2014",
      pages          = "25-38",
      doi            = "10.1016/j.physletb.2013.11.020",
      eprint         = "1307.6796",
      archivePrefix  = "arXiv",
      primaryClass   = "nucl-ex",
      reportNumber   = "CERN-PH-EP-2013-135",
      SLACcitation   = "%%CITATION = ARXIV:1307.6796;%%"
}

@article{Adam:2015vsf,
      author         = "Adam, Jaroslav and others",
      title          = "{Multi-strange baryon production in p-Pb collisions at
                        $\sqrt{s_\mathbf{NN}}=5.02$ TeV}",
      collaboration  = "ALICE",
      year           = "2015",
      eprint         = "1512.07227",
      archivePrefix  = "arXiv",
      primaryClass   = "nucl-ex",
      reportNumber   = "CERN-PH-EP-2015-327",
      SLACcitation   = "%%CITATION = ARXIV:1512.07227;%%"
}

@article{Khachatryan:2015waa,
      author         = "Khachatryan, Vardan and others",
      title          = "{Evidence for Collective Multiparticle Correlations in
                        p-Pb Collisions}",
      collaboration  = "CMS",
      journal        = "Phys. Rev. Lett.",
      volume         = "115",
      year           = "2015",
      number         = "1",
      pages          = "012301",
      doi            = "10.1103/PhysRevLett.115.012301",
      eprint         = "1502.05382",
      archivePrefix  = "arXiv",
      primaryClass   = "nucl-ex",
      reportNumber   = "CMS-HIN-14-006, CERN-PH-EP-2015-011",
      SLACcitation   = "%%CITATION = ARXIV:1502.05382;%%"
}

@article{Aad:2015gqa,
      author         = "Aad, Georges and others",
      title          = "{Observation of long-range elliptic anisotropies in
                        $\sqrt{s}=$13 and 2.76 TeV $pp$ collisions with the ATLAS
                        detector}",
      collaboration  = "ATLAS",
      year           = "2015",
      eprint         = "1509.04776",
      archivePrefix  = "arXiv",
      primaryClass   = "hep-ex",
      reportNumber   = "CERN-PH-EP-2015-251",
      SLACcitation   = "%%CITATION = ARXIV:1509.04776;%%"
}


@article{StrangenessLetterReference,
      author         = "Abelev, B. and others",
      title          = "{Multiplicity-dependent enhancement of strange and multi-strange hadron production in proton-proton collisions at $\sqrt{s}=7$~TeV}",
      collaboration  = "ALICE",
      journal        = "in preparation",
      volume         = "",
      pages          = "",
      doi            = "",
      year           = "",
      eprint         = "",
      archivePrefix  = "",
      primaryClass   = "",
      reportNumber   = "",
      SLACcitation   = "%%CITATION = ARXIV:1012.4035;%%",
}


@article{ALICE:2012xs,
      author         = "Abelev, Betty and others",
      title          = "{Pseudorapidity density of charged particles in $p$ + Pb
                        collisions at $\sqrt{s_{NN}}=5.02$ TeV}",
      collaboration  = "ALICE",
      journal        = "Phys. Rev. Lett.",
      volume         = "110",
      year           = "2013",
      number         = "3",
      pages          = "032301",
      doi            = "10.1103/PhysRevLett.110.032301",
      eprint         = "1210.3615",
      archivePrefix  = "arXiv",
      primaryClass   = "nucl-ex",
      reportNumber   = "CERN-PH-EP-2012-307",
      SLACcitation   = "%%CITATION = ARXIV:1210.3615;%%"
}


@article{Adam:2015pza,
      author         = "Adam, Jaroslav and others",
      title          = "{Pseudorapidity and transverse-momentum distributions of
                        charged particles in proton–proton collisions at $\sqrt{s}$~=~13~TeV}",
      collaboration  = "ALICE",
      journal        = "Phys. Lett.",
      volume         = "B753",
      year           = "2016",
      pages          = "319-329",
      doi            = "10.1016/j.physletb.2015.12.030",
      eprint         = "1509.08734",
      archivePrefix  = "arXiv",
      primaryClass   = "nucl-ex",
      reportNumber   = "CERN-PH-EP-2015-270, ALICE-PUBLIC-2015-005",
      SLACcitation   = "%%CITATION = ARXIV:1509.08734;%%"
}


@article{Adam:2015qaa,
      author         = "Adam, Jaroslav and others",
      title          = "{Measurement of pion, kaon and proton production in
                        proton–proton collisions at $\sqrt{s}$~=~7~TeV}",
      collaboration  = "ALICE",
      journal        = "Eur. Phys. J.",
      volume         = "C75",
      year           = "2015",
      number         = "5",
      pages          = "226",
      doi            = "10.1140/epjc/s10052-015-3422-9",
      eprint         = "1504.00024",
      archivePrefix  = "arXiv",
      primaryClass   = "nucl-ex",
      reportNumber   = "CERN-PH-EP-2015-068",
      SLACcitation   = "%%CITATION = ARXIV:1504.00024;%%"
}

@article{Adam:2016acv,
      author         = "Adam, Jaroslav and others",
      title          = "{Particle identification in ALICE: a Bayesian approach}",
      collaboration  = "ALICE",
      year           = "2016",
      eprint         = "1602.01392",
      archivePrefix  = "arXiv",
      primaryClass   = "physics.data-an",
      reportNumber   = "CERN-EP-2016-023",
      SLACcitation   = "%%CITATION = ARXIV:1602.01392;%%"
}

@article{Adam2015pp7,
      author="Adam, J. and others",
      title="{Measurement of pion, kaon and proton production in proton--proton collisions at $\sqrt{s}$~=~7~TeV}",
      journal="The European Physical Journal C",
      year="2015",
      volume="75",
      number="5",
      pages="1--23",
      issn="1434-6052",
      doi="10.1140/epjc/s10052-015-3422-9",
      url="http://dx.doi.org/10.1140/epjc/s10052-015-3422-9"
}

@article{Abelev2012309,
      title = "{Multi-strange baryon production in pp collisions at $\sqrt{s}$~=~7~TeV with ALICE}",
      journal = "Physics Letters B ",
      volume = "712",
      number = "4€-5",
      pages = "309 - 318",
      year = "2012",
      note = "",
      issn = "0370-2693",
      doi = "http://dx.doi.org/10.1016/j.physletb.2012.05.011",
      url = "http://www.sciencedirect.com/science/article/pii/S037026931200528X",
      author = "B. Abelev "
}

@article{Abelev2012165,
title = "{J/$\psi$ production as a function of charged particle multiplicity in pp collisions at $\sqrt{s}$~=~7~TeV}",
journal = "Physics Letters B ",
volume = "712",
number = "3",
pages = "165 - 175",
year = "2012",
note = "",
issn = "0370-2693",
doi = "http://dx.doi.org/10.1016/j.physletb.2012.04.052",
url = "http://www.sciencedirect.com/science/article/pii/S0370269312004674",
author = "B. Abelev and others"
}

@article{Abelev2013371,
title = "{Multiplicity dependence of the average transverse momentum in pp, p--Pb, and Pb--€“Pb collisions at the LHC} ",
journal = "Physics Letters B ",
volume = "727",
number = "4â€“5",
pages = "371 - 380",
year = "2013",
note = "",
issn = "0370-2693",
doi = "http://dx.doi.org/10.1016/j.physletb.2013.10.054",
url = "http://www.sciencedirect.com/science/article/pii/S0370269313008617",
author = "B. Abelev and others",
}


@article{Redlich:2009xx,
      author         = "Redlich, K. and Andronic, A. and Beutler, F. and
                        Braun-Munzinger, P. and Stachel, J.",
      title          = "{Canonical Statistical Model and hadron production in e+
                        e- annihilations}",
      booktitle      = "{Strangeness in quark matter. Proceedings, International
                        Conference, SQM 2008, Beijing, P.R. China, October 5-10,
                        2008}",
      journal        = "J. Phys.",
      volume         = "G36",
      year           = "2009",
      pages          = "064021",
      doi            = "10.1088/0954-3899/36/6/064021",
      eprint         = "0903.1610",
      archivePrefix  = "arXiv",
      primaryClass   = "hep-ph",
      SLACcitation   = "%%CITATION = ARXIV:0903.1610;%%"
}


@inproceedings{Becattini:1996gy,
      author         = "Becattini, F.",
      title          = "{Universality of thermal hadron production in p p, p
                        anti-p and e+ e- collisions}",
      booktitle      = "{Universality features in multihadron production and the
                        leading effect. Proceedings, 33rd Workshop of the INFN
                        Eloisatron Project, Erice, Italy, October 19-25, 1996}",
      year           = "1996",
      eprint         = "hep-ph/9701275",
      archivePrefix  = "arXiv",
      primaryClass   = "hep-ph",
      reportNumber   = "DFF-263-12-1996",
      SLACcitation   = "%%CITATION = HEP-PH/9701275;%%"
}


@article{Hagedorn:1984uy,
      author         = "Hagedorn, R. and Redlich, K.",
      title          = "{Statistical Thermodynamics in Relativistic Particle and
                        Ion Physics: Canonical or Grand Canonical?}",
      journal        = "Z. Phys.",
      volume         = "C27",
      year           = "1985",
      pages          = "541",
      doi            = "10.1007/BF01436508",
      reportNumber   = "CERN-TH-3889",
      SLACcitation   = "%%CITATION = ZEPYA,C27,541;%%"
}

@article{Rafelski:1980gk,
      author         = "Rafelski, Johann and Danos, Michael",
      title          = "{The Importance of the Reaction Volume in Hadronic
                        Collisions}",
      journal        = "Phys. Lett.",
      volume         = "B97",
      year           = "1980",
      pages          = "279-282",
      doi            = "10.1016/0370-2693(80)90601-2",
      reportNumber   = "Print-80-0709 (NBS,WASH.,D.C.)",
      SLACcitation   = "%%CITATION = PHLTA,B97,279;%%"
}

@article{Abbas:2013bpa,
      author         = "Abbas, Ehab and others",
      title          = "{Centrality dependence of the pseudorapidity density
                        distribution for charged particles in Pb-Pb collisions at
                        $\sqrt{s_{\rm NN}}$ = 2.76 TeV}",
      collaboration  = "ALICE",
      journal        = "Phys. Lett.",
      volume         = "B726",
      year           = "2013",
      pages          = "610-622",
      doi            = "10.1016/j.physletb.2013.09.022",
      eprint         = "1304.0347",
      archivePrefix  = "arXiv",
      primaryClass   = "nucl-ex",
      reportNumber   = "CERN-PH-EP-2013-045",
      SLACcitation   = "%%CITATION = ARXIV:1304.0347;%%"
}


@article{Adam:2015gka,
      author         = "Adam, Jaroslav and others",
      title          = "{Charged-particle multiplicities in proton-proton
                        collisions at $\sqrt{s}$ = 0.9 to 8 TeV}",
      collaboration  = "ALICE",
      year           = "2015",
      eprint         = "1509.07541",
      archivePrefix  = "arXiv",
      primaryClass   = "nucl-ex",
      reportNumber   = "CERN-PH-EP-2015-259",
      SLACcitation   = "%%CITATION = ARXIV:1509.07541;%%"
}

@article{Abelev:2014uua,
      author         = "Abelev, Betty Bezverkhny and others",
      title          = "{$K^*(892)^0$ and $\phi(1020)$ production in Pb-Pb
                        collisions at $\sqrt{s{NN}}$ = 2.76 TeV}",
      collaboration  = "ALICE",
      journal        = "Phys. Rev.",
      volume         = "C91",
      year           = "2015",
      pages          = "024609",
      doi            = "10.1103/PhysRevC.91.024609",
      eprint         = "1404.0495",
      archivePrefix  = "arXiv",
      primaryClass   = "nucl-ex",
      reportNumber   = "CERN-PH-EP-2014-060",
      SLACcitation   = "%%CITATION = ARXIV:1404.0495;%%"
}

@article{Adam:2016bpr,
      author         = "Adam, Jaroslav and others",
      title          = "{Production of K$^{*}$ (892)$^{0}$ and $\phi $ (1020) in
                        p–Pb collisions at $\sqrt{s_{{\text {NN}}}}$ = 5.02
                        TeV}",
      collaboration  = "ALICE",
      journal        = "Eur. Phys. J.",
      volume         = "C76",
      year           = "2016",
      number         = "5",
      pages          = "245",
      doi            = "10.1140/epjc/s10052-016-4088-7",
      eprint         = "1601.07868",
      archivePrefix  = "arXiv",
      primaryClass   = "nucl-ex",
      reportNumber   = "CERN-PH-EP-2015-326",
      SLACcitation   = "%%CITATION = ARXIV:1601.07868;%%"
}

@article{Adam:2016emw,
      author         = "Adam, Jaroslav and others",
      title          = "{Multiplicity-dependent enhancement of strange and
                        multi-strange hadron production in proton-proton
                        collisions at $\sqrt{s} = 7$ TeV}",
      collaboration  = "ALICE",
      year           = "2016",
      eprint         = "1606.07424",
      archivePrefix  = "arXiv",
      primaryClass   = "nucl-ex",
      reportNumber   = "CERN-EP-2016-153",
      SLACcitation   = "%%CITATION = ARXIV:1606.07424;%%"
}

@article{Cleymans:2004bf,
      author         = "Cleymans, J. and Forster, A. and Oeschler, H. and
                        Redlich, K. and Uhlig, F.",
      title          = "{On the chemical equilibration of strangeness-exchange
                        reaction in heavy-ion collisions}",
      journal        = "Phys. Lett.",
      volume         = "B603",
      year           = "2004",
      pages          = "146-151",
      doi            = "10.1016/j.physletb.2004.09.078",
      eprint         = "hep-ph/0406108",
      archivePrefix  = "arXiv",
      primaryClass   = "hep-ph",
      SLACcitation   = "%%CITATION = HEP-PH/0406108;%%"
}

@article{Knospe:2015nva,
      author         = "Knospe, A. G. and Markert, C. and Werner, K. and
                        Steinheimer, J. and Bleicher, M.",
      title          = "{Hadronic resonance production and interaction in
                        partonic and hadronic matter in the EPOS3 model with and
                        without the hadronic afterburner UrQMD}",
      journal        = "Phys. Rev.",
      volume         = "C93",
      year           = "2016",
      number         = "1",
      pages          = "014911",
      doi            = "10.1103/PhysRevC.93.014911",
      eprint         = "1509.07895",
      archivePrefix  = "arXiv",
      primaryClass   = "nucl-th",
      SLACcitation   = "%%CITATION = ARXIV:1509.07895;%%"
}

